4372 5716
961 698 1178 857 crxru.
1253 688 1598 855 sarran.

1138 967 1419 1030 MCCCCLXXXI.

521 1077 577 1150 17.
594 1062 629 1132 b.
655 1033 845 1134 Aeneam
868 1081 921 1134 ne
942 1042 1126 1137 saxeum
1145 1063 1333 1156 Expositio
1355 1063 1415 1136 seu
1432 1063 1656 1158 quaestiones
1677 1065 1716 1141 in
1738 1061 1850 1137 libros
1865 1060 2076 1141 Aristotelis
2094 1067 2133 1141 de

280 1235 288 1250 .
421 1156 540 1231 Coelo
563 1176 600 1232 et
613 1160 768 1232 Mundo.
821 1162 863 1232 les
878 1158 976 1251 fine:
1002 1162 1056 1233 ‘Et
1077 1161 1124 1233 src
1147 1160 1200 1234 est
1218 1160 1299 1235 finis
1318 1163 1422 1236 huius
1439 1163 1634 1265 questionis
1656 1180 1695 1237 et
1714 1165 1825 1237 totius
1838 1163 1960 1256 operis
1989 1166 2073 1238 libri
2095 1166 2135 1239 de

423 1259 505 1331 celo
524 1271 561 1328 et
574 1260 711 1332 mundo
731 1257 774 1337 ad
787 1257 930 1330 laudem
945 1258 1004 1330 dei
1021 1273 1060 1332 et
1073 1262 1222 1355 virginis
1241 1263 1351 1334 marie
1372 1259 1521 1360 impreffe
1531 1260 1632 1360 papie
1642 1276 1706 1359 per
1717 1260 1904 1336 amomum
1921 1261 1965 1336 de
1978 1267 2135 1341 carebalo

426 1361 533 1443 1481.
558 1355 860 1538 dilefflegisffl
873 1353 992 1532 m.
1007 1354 1171 1469 διψῆν
1186 1358 1390 1453 Regilirtesu
1431 1361 1536 1445 clear,
1556 1360 1647 1452 gara.
1666 1356 1838 1458 cumfigrl.
1860 1355 1929 1456 sul.
1944 1359 2034 1437 min.

1132 1549 1427 1613 MCCCCLXXXII.

521 1661 582 1727 20.
604 1646 641 1719 b.
673 1644 735 1721 Ad
755 1598 1044 1738 preclirillimum
1065 1644 1318 1739 philosophum
1347 1667 1389 1719 ac
1410 1643 1590 1720 medicum
1616 1645 1842 1737 equitemque
1865 1658 2035 1721 auramm
2059 1649 2135 1725 dnn

275 1694 297 1765 ’ᾗ
423 1742 634 1837 Magistrum
644 1743 876 1816 Benediilum
899 1742 1146 1834 reguardatum
1161 1741 1374 1826 Inuiniffimi
1385 1743 1414 1816 F
1416 1744 1540 1826 ranslci
1560 1741 1649 1842 (sle)
1676 1744 1803 1816 Sf⁰ffle
1826 1743 1927 1817 <¹¹¹⁰ss
1946 1746 2136 1822 ¹¹¹⁶di0lffl

423 1841 597 1942 phisreum
613 1859 650 1915 et
666 1839 867 1917 senatorem
883 1837 1113 1932 dignillimum
1127 1863 1335 1934 Jounuurs
1358 1863 1570 1916 MARLIANI
1595 1839 1655 1914 sua
1675 1856 1771 1914 etate
1787 1839 2135 2017 philosophorum

425 1941 649 2013 medicorum
671 1941 841 2032 principis
870 1953 908 2011 et
934 1939 1066 2011 ducalis
1092 1941 1216 2033 phisici
1238 1943 1342 2034 primi
1366 1941 1411 2012 de
1431 1942 1669 2032 proportione
1696 1954 1860 2012 motuum
1882 1941 1921 2012 in
1944 1944 2070 2019 veloci

423 2037 585 2130 quaestio
604 2035 816 2111 subtilillima
836 2038 970 2127 incipis
1001 2059 1047 2109 ex
1067 2040 1225 2115 eiusdem
1244 2041 1410 2113 illarliani
1426 2040 1587 2137 originali
1607 2038 1759 2112 feliciter
1776 2037 1942 2110 canalia.
2000 2041 2129 2114 Haesit

407 2136 540 2241 'fronte
552 2135 618 2233 fal.
640 2154 670 2210 1.
687 2161 722 2210 a.
762 2134 804 2210 les
820 2132 910 2217 fiae:
935 2132 1030 2208 Laus
1046 2135 1142 2209 Deo.
1185 2134 1382 2234 Imprefflem
1401 2138 1507 2235 Papae
1518 2151 1580 2233 per
1598 2132 1811 2211 Damianum
1826 2136 2125 2232 deconplsalcnesiir

309 2236 312 2242 ’
429 2230 649 2330 debinasclso.
678 2231 839 2308 Die.'16.
852 2229 1044 2308 Decembris
1056 2233 1152 2312 aaa.
1166 2234 1320 2335 Mssa)
1342 2240 1442 2324 sara.
1466 2238 1586 2312 Amen.
1612 2232 2005 2332 (darmatasumfign.
2022 2233 2127 2323 anie

597 2324 642 2410 Cs.
660 2326 731 2423 I'bffi
749 2330 770 2396 l.
785 2349 813 2396 s.
838 2324 928 2400 le.
952 2349 1068 2412 p.154.

1010 2460 1310 2527 MCCCCLXXXII.
1339 2460 1369 2522 δι
1389 2460 1543 2531 LXXXIII.

523 2581 585 2640 21.
610 2561 719 2636 Liber
738 2560 896 2640 Canonis
911 2580 1017 2653 qsrem
1033 2561 1203 2653 Princeps
1219 2584 1374 2634 anoanr
1398 2581 1620 2635 sarracenus
1639 2561 1684 2634 de
1704 2550 2012 2643 mediciniedidit
2033 2575 2128 2636 daur

77 2610 121 2742 ,ι
199 2700 209 2717 .
306 2652 309 2657 ’
428 2666 524 2739 latus
542 2685 565 2733 a
584 2659 756 2754 Magistro
780 2659 944 2731 Gerasdo
970 2659 1203 2732 Cremonensi
1232 2663 1270 2732 in
1293 2660 1432 2733 'soleto
1460 2662 1503 2732 ab
1521 2660 1663 2733 arabico
1688 2662 1728 2733 in
1750 2659 1909 2733 latinum.
1961 2662 2131 2734 Praecedit

428 2760 607 2837 Praelatio
627 2760 759 2829 breuis.
811 2757 952 2852 Excipit
972 2759 1068 2831 illam
1093 2758 1235 2832 Tabula
1248 2757 1505 2849 Capitulomm.
1556 2757 1680 2851 lufiue
1698 2756 1800 2831 Libri
1812 2755 1942 2856 princip:
1965 2755 2129 2851 Explcuss

430 2858 483 2930 est
498 2858 607 2931 Liber
622 2856 779 2929 Canonis
805 2875 910 2945 quem
924 2854 1093 2948 Princeps
1108 2857 1239 2930 Aboali
1261 2854 1457 2930 Abinsceni
1473 2852 1602 2946 edidit,
1628 2852 1802 2949 imprcffus
1830 2874 1911 2926 aera
1928 2853 2040 2951 Papie
2056 2873 2129 2927 aute

433 2954 557 3047 Clarilli
575 2956 691 3050 optimi
708 2955 754 3027 Μ
763 2952 883 3024 CCCC
887 2952 1083 3029 stXll.
1112 2956 1166 3029 die
1182 2955 1289 3041 XVI,
1306 2955 1521 3050 Septembris.
1575 2952 1737 3048 Sequitur
1750 2950 1891 3023 Tabula
1903 2952 2126 3032 materiarum

429 3053 561 3144 Incipit
585 3068 658 3125 trem
682 3053 790 3124 Liber
814 3048 970 3122 Canonis
1004 3048 1177 3137 secundus
1204 3052 1426 3146 Armenoc,
1458 3050 1571 3123 ver‘oa
1592 3049 1766 3147 Principis
1790 3049 1934 3125 Aboali.
1990 3050 2036 3123 les
2053 3044 2128 3130 dese:

429 3152 604 3243 Explctus
622 3147 673 3220 est
690 3150 799 3222 Liber
815 3146 988 3221 secundus
1009 3171 1113 3240 quem
1127 3150 1297 3242 Princeps
1319 3149 1512 3231 Aviccnna
1526 3148 1570 3221 de
1584 3147 1770 3219 medicinis
1785 3147 2002 3238 fimplicibus
2019 3143 2126 3231 edidit,

429 3246 604 3344 isrprasliss
623 3248 730 3351 Papia
751 3266 839 3332 anua
865 3245 987 3332 Chrilli
1005 3249 1120 3342 optimi
1143 3247 1516 3327 MCCCCLALMI.
1540 3245 1594 3316 die
1615 3245 1759 3318 XXIll.
1781 3243 1957 3319 Kalendas
1978 3241 2124 3316 ottold.

428 3347 474 3422 In
487 3343 558 3435 fine
573 3342 655 3421 litei
670 3342 767 3416 tertii
781 3367 794 3415 .·
824 3342 1000 3436 impreffus
1016 3343 1126 3436 Papie
1141 3347 1239 3417 Antea
1253 3344 1375 3431 christi
1386 3344 1513 3440 oprimi.
1529 3340 1583 3416 M.
1591 3340 1712 3416 CCCC.
1720 3336 1864 3419 Liar
1871 3342 1936 3414 lit.
1963 3341 2022 3415 die
2038 3335 2124 3421 XVI·

428 3441 575 3549 Aprilis.
624 3442 787 3537 Sequitur
805 3438 845 3511 T
847 3439 950 3517 abula
976 3439 1076 3511 Libri
1102 3443 1225 3543 quarti.
1281 3446 1324 3515 ln
1342 3437 1412 3533 fine
1436 3441 1535 3517 laius
1558 3436 1666 3514 libri:
1697 3437 1857 3529 Erplicit
1881 3439 1973 3521 liber
1998 3450 2123 3529 quernas

431 3540 581 3627 canonis
604 3541 788 3622 auicenne.
839 3536 923 3607 Deo
945 3541 1089 3629 gracias.
1140 3540 1182 3610 lu
1199 3536 1271 3631 fine
1296 3536 1379 3609 libri
1401 3541 1541 3636 quinti.-
1578 3534 1788 3626 Compleuss
1810 3533 1861 3607 est
1880 3535 1972 3621 liber
1997 3536 2122 3627 quinus

430 3636 531 3714 Libri
550 3636 707 3707 Canonis
730 3636 789 3725 qui
815 3632 866 3704 est
880 3634 1149 3709 Antidotarium
1170 3635 1272 3709 Senis
1289 3634 1396 3729 Regis
1412 3635 1544 3717 Aboali
1559 3630 1690 3715 Hallcn
1711 3631 1776 3707 filii
1791 3632 1873 3706 Hali
1890 3631 2124 3709 Abinscemee

434 3737 511 3807 eius
526 3737 793 3825 complemento
813 3734 1014 3822 completus
1030 3734 1083 3806 est
1098 3736 1187 3806 liber
1202 3750 1311 3807 totus.
1364 3735 1501 3806 Accedit
1516 3733 1679 3808 tandm.-
1711 3731 1872 3803 Libellus
1887 3731 2078 3805 Avicenn‘e
2089 3727 2123 3803 dt

270 3847 279 3870 ‘
370 3908 382 3939 ι
429 3833 579 3907 Viribus
597 3831 715 3905 cordis
730 3831 1017 3924 quemPrinceps
1035 3833 1228 3919 Aviccnna
1247 3829 1381 3919 edidis:
1416 3827 1597 3924 lmpreffies
1614 3828 1724 3925 Papie
1736 3845 1800 3925 per
1816 3830 2026 3919 Megillerem
2037 3833 2125 3904 aas

428 3931 525 4007 mum
540 3933 582 4003 de
602 3933 750 4002 (arcana
767 3926 803 3999 si
818 3928 1056 4023 Hyeroaimum
1072 3933 1114 4003 de
1131 3928 1353 4017 Durantibds
1371 3946 1459 4003 anna
1478 3923 1600 4021 Cerilli
1614 3925 1730 4023 optimi
1745 3922 2124 4007 ulciscemur

431 4030 486 4104 die
509 4024 670 4101 XXVII.
690 4023 833 4099 Martii.
887 4026 988 4103 Char.
1005 4027 1094 4115 goti.
1107 4025 1174 4125 sol.
1910 4076 1913 4080 ι

596 4120 715 4205 Poggia
732 4117 849 4180 narare
867 4139 896 4199 p.
913 4140 961 4197 79.
968 4123 1017 4204 sq.
1842 4146 1845 4150 ·

527 4234 587 4290 21.
605 4209 641 4283 b.
667 4210 828 4283 Rubrica
843 4209 1085 4297 chcntentia
1102 4213 1481 4298 excommunicationis
1498 4211 1591 4295 libro
1608 4211 1675 4288 Vl.
1701 4208 1794 4289 Haec
1806 4211 1846 4285 itt
1854 4209 1977 4310 fradre
1982 4213 2050 4314 fal.
2063 4232 2127 4297 ue,

428 4315 487 4390 eal.
508 4333 540 4385 1.
590 4313 633 4384 la
642 4306 738 4403 fiae:
769 4308 863 4380 Laus
882 4309 951 4380 deo
969 4329 1008 4382 es
1023 4312 1151 4403 uirgini
1168 4311 1322 4405 gloriose
1347 4314 1421 4384 eius
1439 4310 1611 4405 genitrici.
1663 4309 1863 4408 lmpreffum,
1872 4312 1976 4408 papie
1990 4330 2053 4407 per
2069 4332 2129 4386 sna·

428 4409 571 4500 gillrum
586 4404 760 4480 amonium
777 4408 818 4477 de
830 4405 1003 4479 coreliano.
1022 4409 1074 4480 Μ.
1086 4409 1210 4487 ίϊΐΐ.
1231 4417 1335 4504 1483.
1355 4413 1440 4503 (fic)
1462 4413 1516 4493 die
1530 4427 1589 4482 22.
1608 4403 1729 4480 orlata
1771 4411 1972 4502 Sequuntur
1985 4424 2129 4503 quatuor

431 4505 578 4580 disticha
592 4501 944 4595 Gabrielislllangani
958 4502 1130 4595 presentis
1146 4509 1265 4599 operis
1278 4509 1491 4581 corrciioris
1505 4505 1551 4578 ad
1564 4504 1690 4577 Franc.
1707 4502 1752 4576 de
1770 4503 1980 4579 eustachiis:
2008 4528 2130 4582 cossa

431 4604 540 4685 decus
549 4601 621 4680 latii
635 4621 874 4681 STEPHANVS
891 4601 989 4692 quod
1004 4601 1132 4679 strum
1148 4605 1280 4684 habeto
1294 4607 1400 4701 digne
1414 4621 1536 4701 pater·
1551 4622 1731 4678 canonum
1742 4604 1930 4698 legumque
1944 4607 2131 4681 monarcha

261 4686 275 4713 ”
430 4698 494 4776 Est
507 4699 756 4778 auctorsicmi.
790 4701 1180 4807 rimusinurbelegens.
1208 4702 1517 4803 Remrrateseae.
1530 4703 1633 4783 cal-2.
1646 4700 1969 4817 mmfign.fisd.44
1978 4701 2131 4803 suaa.

597 4794 677 4858 assi.
692 4796 736 4859 cs.
768 4795 865 4879 saus.
1043 4798 1068 4845 a

737 4895 739 4899 ’
1242 4952 1255 4981 ,
1980 4880 2088 4977 aas.

1486 5176 1606 5359 'U
