4380 5722
429 560 832 653 sirssrarrnoa‘n.
1168 551 1501 667 arnssnuan.
1546 628 1549 633 -
1753 585 1828 674 3⁶3-

109 775 210 850 tione
229 770 439 857 intitulatus,
491 773 533 846 in
546 769 615 859 fine
634 769 716 864 folii
738 789 811 845 rum
825 769 909 864 figat.
931 764 962 842 b.
978 784 1013 846 2.
1047 764 1205 861 Explicit
1226 773 1565 850 tractatulusfratris
1581 774 1751 850 Feliciani
1770 797 1827 847 or-

64 878 71 895 '
110 872 202 948 dinis
220 872 484 965 predicatorum
507 869 552 940 de
575 871 695 966 diuina
708 866 1012 961 predestinatione
1032 869 1236 944 intitulatus
1251 873 1441 945 foeliciter.
1476 875 1547 950 Fol.
1558 874 1626 975 seq.
1649 892 1723 946 cum
1740 876 1825 965 fian.

107 970 142 1044 b.
163 991 196 1066 3.
217 970 361 1060 ‚Incipit
381 967 573 1061 capitulum
589 967 633 1040 de
648 969 869 1042 Retentione
885 967 1103 1040 decimarum
1123 970 1182 1041 ubi
1201 973 1314 1063 agitur
1330 972 1537 1064 quornod0,
1564 985 1603 1045 et
1619 972 1644 1045 fi
1661 970 1828 1044 excusan-

109 1082 170 1143 tut¹
185 1070 270 1165 (fic)
291 1089 368 1140 non
385 1069 508 1140 dantes
527 1066 694 1140 decimas.
745 1070 920 1142 Accedunt
939 1075 996 1155 25.
1023 1065 1209 1159 Priuilegia
1228 1069 1453 1142 clericorum.
1506 1075 1548 1144 in
1559 1070 1654 1158 fine:
1683 1069 1828 1169 impres-

96 1166 424 1266 suvamaningen
438 1182 498 1256 per
516 1163 695 1239 Albertum
712 1161 849 1239 Katane.
898 1164 1004 1239 cbar.
1022 1162 1111 1252 gott.
1128 1182 1202 1240 cum
1217 1168 1301 1262 figit
1320 1171 1383 1244 lin.
1401 1172 1456 1258 36.
1477 1165 1556 1265 foll.
1572 1183 1632 1244 20.
1658 1187 1696 1255 4.

274 1262 414 1324 Botion.
431 1260 521 1337 Iosch.
563 1260 687 1331 Editio,
710 1263 755 1321 uti
768 1259 904 1335 uidetur,
920 1255 1057 1340 diuersa·

62 1446 70 1461 ι
149 1452 154 1457 .
204 1383 262 1452 40·
289 1366 467 1459 Joanurs
491 1383 687 1435 aroanna
704 1360 770 1433 Tr.
786 1360 832 1434 de
851 1360 1035 1432 arboribus
1056 1360 1378 1457 Consanguinitatis
1398 1366 1464 1440 &c
1491 1359 1563 1436 Fal.
1581 1382 1615 1437 1.
1632 1360 1664 1437 b.
1697 1363 1826 1458 Figura

108 1463 245 1538 arboris
271 1462 591 1554 consanguinitatis.
620 1459 689 1532 Fol.
711 1479 745 1532 2.
761 1483 802 1534 a.
838 1458 946 1551 :Opus
970 1455 1081 1550 ipsum
1102 1461 1237 1554 incipit.
1267 1463 1336 1538 Fol.
1356 1487 1388 1557 3.
1418 1461 1449 1537 b.
1490 1461 1614 1533 Arbor
1635 1459 1824 1537 affinitatis.

107 1563 181 1637 Fu.
195 1577 226 1646 ς.
243 1587 279 1638 a.
306 1562 434 1654 Figura
452 1561 588 1632 arboris
605 1556 790 1649 spiritualis
805 1559 1042 1650 cognationis.
1070 1555 1143 1632 Fol.
1155 1578 1190 1648 7.
1210 1584 1244 1633 a.
1272 1559 1449 1654 Cognatio
1466 1560 1595 1653 legalis.
1616 1562 1689 1634 Fal.
1701 1564 1771 1637 eod.
1789 1565 1823 1638 b.

106 1658 538 1839 cognatiocgfflmft'm
550 1660 651 1731 Char.
667 1653 971 1752 Athenium,
987 1657 1061 1755 stuc
1072 1654 1162 1753 fign.
1184 1660 1241 1731 col.
1254 1677 1288 1733 2.
1304 1662 1381 1759 foll.
1398 1679 1432 1749 7.
1454 1658 1520 1757 sol.

216 1835 712 1940 47.Svnn1an1quiblie.
765 1849 857 1920 Haec
880 1846 917 1920 'in
926 1843 1044 1942 fieriu
1060 1843 1125 1941 sol.
1146 1868 1178 1925 1.
1203 1872 1237 1925 a.
1272 1849 1393 1928 Faba.
1441 1849 1574 1942 Incipit
1588 1847 1824 1923 Summanum

106 1952 281 2039 labrorum
296 1955 407 2027 totius
427 1950 522 2025 sacre
546 1944 718 2038 scripture
733 1946 777 2019 sin
787 1945 904 2019 Biblia
915 1943 1188 2066 comprehense.
1236 1949 1281 2023 In
1290 1946 1361 2042 fine
1375 1947 1442 2047 sol.
1459 1953 1496 2024 6.
1514 1947 1546 2024 b.
1598 1946 1697 2022 Finis
1723 1948 1822 2024 Sum-

106 2050 220 2125 marii.
272 2052 373 2127 Cbar.
389 2049 479 2141 gerb.
501 2043 581 2122 Aah.
595 2043 733 2121 uvam.
759 2060 795 2133 4.

273 2143 430 2229 Hupscucer
449 2147 468 2209 i.
482 2163 506 2206 c.
522 2161 558 2224 p.
573 2154 642 2220 235.

205 2258 260 2337 55.
286 2244 416 2336 Incipit
433 2240 636 2333 Capitulum
652 2240 704 2312 -de
723 2240 946 2313 Retentione
970 2239 1186 2313 decimarum
1203 2240 1267 2313 vbi
1284 2240 1397 2332 agitur
1412 2240 1597 2333 quomodo
1619 2257 1656 2314 et
1673 2241 1698 2313 sr
1715 2265 1822 2316 excu-

104 2346 225 2421 santur
239 2366 314 2418 non
331 2343 455 2426 dantes
473 2342 638 2413 decimas.
668 2336 736 2412 Fal.
749 2356 784 2424 7.
801 2335 834 2412 b.
859 2338 1018 2430 Explicit
1031 2341 1225 2429 capitulum
1241 2338 1517 2413 deRetcntione
1530 2342 1745 2414 decimarum
1754 2346 1820 2414 occ.

103 2445 280 2522 Accedunt
303 2460 358 2528 ας.
384 2440 571 2534 Priuilegia
587 2435 827 2508 Clericorurn.
881 2439 922 2510 Iu
931 2435 1002 2533 fine
1012 2437 1077 2535 fol.
1097 2442 1131 2517 8.
1155 2460 1191 2512 a.
1228 2435 1409 2534 hupreffus
1424 2439 1655 2532 Mnnaangm
1674 2453 1738 2535 per
1756 2441 1822 2516 Al.

96 2537 240 2618 ,bertum
253 2539 392 2619 Kuaae.
447 2541 549 2612 Char.
569 2535 659 2625 goth.
675 2553 749 2608 cum
764 2534 849 2628 figit.
868 2536 912 2607 A.
942 2551 978 2620 4.

273 2637 438 2701 Braunii·
459 2638 556 2716 pao.
598 2626 1019 2715 Dnffertfimdutiaabiiia‚
1041 2628 1423 2711 quamumcsmi14n9.
1443 2629 1542 2694 habet.
1633 2724 1639 2729 -

540 2795 723 2894 cn.
786 2807 1302 2923 Mas-sauna.

825 3029 1103 3092 nccccxcvn
1206 3012 1209 3016 ’

205 3133 240 3217 5.
264 3120 549 3199 Constitutiones
574 3123 850 3199 immunitatum
862 3125 982 3198 editae
1002 3145 1070 3216 per
1092 3125 1140 3195 iu
1154 3124 1359 3198 'Dominum
1379 3064 1567 3220 Jacobuns
1578 3122 1714 3220 Regem
1737 3126 1839 3204 Sici-³²

101 3230 184 3312 liae.
236 3218 386 3316 Impreff.
409 3225 446 3297 in
463 3222 565 3295 nobili
583 3227 731 3298 civitate
749 3222 924 3316 ureffanae
943 3239 1005 3317 per
1019 3220 1229 3314 Magistrum
1247 3225 1424 3301 Andrean
1441 3229 1483 3295 de
1495 3223 1628 3313 Bruges
1654 3216 1705 3298 M
1712 3227 1833 3303 cccc

57 3373 64 3385 -
102 3319 381 3406 LXXXXVII.
410 3320 466 3394 die
484 3319 533 3394 X.
552 3319 703 3397 Otiobris
720 3337 794 3413 pme
811 3320 887 3391 lnd.
911 3319 977 3415 foi.

273 3415 324 3479 Sic
340 3414 506 3481 Seivadore
522 3415 554 3479 di
566 3414 648 3501 Biafi
665 3418 699 3479 in
717 3416 845 3499 Opujcoi.
863 3416 899 3478 aa·
915 3414 1028 3478 Aurora·
1042 3412 1185 3478 siciliani
1206 3413 1238 3483 Τ.
1255 3439 1304 3482 20.
1324 3438 1356 3500 p.
1373 3437 1406 3496 31
1412 3433 1441 3495 5.

826 3561 869 3624 M
877 3559 1102 3623 CCCCXCIX.

112 3636 117 3643 ⁵
202 3678 237 3752 7.
256 3662 290 3733 b.
317 3658 618 3736 Cousraurnn
636 3680 830 3734 tascaars
846 3660 957 3733 Vitae
976 3656 1163 3732 illustrium
1177 3658 1475 3754 Philosophorum
1485 3661 1688 3739 Siculorum
1706 3617 1823 3744 et¹Ca·

104 3762 297 3839 labrorum.
350 3762 392 3834 ln
400 3759 494 3850 fine:
527 3759 676 3835 Finiunt
696 3760 793 3832 uitae
810 3756 1110 3851 philosophorum
1128 3758 1331 3833 Siculorum
1348 3775 1385 3834 et
1396 3760 1629 3835 calabrorum
1648 3763 1823 3863 impreffae

104 3852 301 3955 nobilzfflma
328 3856 412 3930 urbe
437 3857 598 3952 Meffana
619 3875 681 3954 per
709 3859 939 3933 Guillielmam
959 3857 1136 3946 Scomberg
1157 3859 1363 3936 Alamanum
1391 3860 1434 3935 de
1450 3859 1702 3958 Francisor'dia
1723 3870 1846 3942 Anno·
1892 3824 1935 3905 ἦ

105 3957 197 4036 Dat.
219 3956 274 4032 Μ.
287 3959 343 4029 CC
345 3958 410 4032 CC.
420 3954 555 4028 XCIX.
582 3956 794 4053 quintanae
814 3954 868 4027 die
887 3952 1028 4028 Martii.
1057 3972 1092 4042 4.

278 4049 363 4115 Vidit
380 4048 423 4120 u.
437 4050 561 4115 Martiis
573 4053 653 4134 apud
663 4049 832 4135 &oswium
845 4050 1061 4114 &mauditum
1077 4049 1226 4135 Comitem.

734 4201 848 4275 SINE
873 4198 1026 4274 Nora
1051 4199 1196 4273 ANNI.

204 4327 237 4404 8.
259 4322 293 4394 b.
320 4319 448 4394 Frons
474 4338 520 4391 m
540 4339 688 4392 vrnrv.
716 4318 788 4396 Fu.
808 4340 840 4395 1.
859 4343 893 4393 a.
923 4333 1022 4391 extat
1047 4313 1177 4393 Tabula
1198 4337 1271 4393 cum
1290 4314 1416 4393 titulo:
1455 4318 1585 4417 Questi
1604 4317 1693 4395 sono
1719 4323 1744 4396 li
1766 4344 1821 4396 ca·

101 4423 209 4520 pitoli
234 4443 257 4493 0
284 4440 375 4491 vero
398 4418 557 4492 Rubrice
586 4417 621 4490 di
648 4415 773 4509 questo
795 4419 901 4490 libro.
929 4414 1004 4488 Fal.
1022 4432 1057 4490 2.
1081 4438 1117 4490 a.
1153 4413 1271 4513 incipit
1301 4437 1393 4507 opus
1418 4418 1624 4511 aprologo.
1677 4423 1720 4511 ln
1731 4420 1825 4516 fine:

62 4522 73 4549 “·
99 4521 228 4602 Laude
248 4518 294 4592 sla
322 4540 341 4589 a
357 4515 510 4592 Christo
561 4516 700 4590 Accedit
717 4515 859 4590 initium
874 4513 1059 4607 Euangelii
1078 4510 1114 4583 S.
1130 4510 1306 4607 Johannis
1325 4513 1490 4589 tristichis
1520 4517 1646 4590 italicis
1668 4514 1831 4591 conseri

100 4634 221 4717 parm,
238 4618 533 4709 praeviotitu10:
558 4610 760 4709 Evangelio
780 4615 824 4687 de
841 4611 959 4687 saniio
976 4612 1129 4705 Joanne.
1165 4615 1207 4685 In
1215 4611 1310 4709 fiac:
1336 4613 1468 4688 Finiise
1484 4616 1517 4687 la
1532 4615 1695 4706 presente
1712 4637 1822 4708 opera

102 4720 279 4793 chiamata
297 4712 404 4786 Fiore
424 4716 468 4788 de
487 4715 586 4787 virtu
605 4734 676 4785 con
699 4716 834 4786 summo
852 4710 969 4784 studio
986 4709 1173 4782 emendata
1192 4733 1201 4783 :
1228 4712 1409 4806 Stampata
1422 4715 1458 4787 in
1473 4711 1822 4807 nobileMiffiaa.&c.

100 4817 262 4927 deindca
289 4811 511 4888 Commenza
525 4812 560 4885 la
575 4813 697 4887 tavola
715 4812 760 4885 de
777 4811 807 4884 li'
821 4810 983 4907 quaterni
993 4822 1039 4981 {t
1053 4822 1149 4880 carte
1165 4808 1240 4881 five
1260 4809 1469 4905 registrum,
1495 4811 1549 4889 cui
1560 4809 1825 5002 subiasm'sldm

409 4946 412 4951 ’
1038 4925 1109 4986 22
1678 4928 1725 5000 aga
1751 4932 1775 4984 a
1854 4948 1857 4953 ·
