4372 5716
847 486 1123 623 maurone
1249 518 1278 573 e
1423 520 1431 543 ,.
1532 472 1537 481 ’
1622 500 1625 509 ·
1771 507 1841 603 na
1953 526 1956 531 >

179 680 282 763 mbr.
310 676 489 776 svamm
523 698 622 753 usn
648 688 822 779 aquars
855 706 1152 765 raaauauoaar
1182 706 1237 761 ar
1259 644 1480 765 omniur
1514 711 1751 769 crearemur
1780 720 1838 773 nn

124 792 455 852 ruvrcmssruvm
495 799 805 855 raamunnuvm
842 804 980 861 norm
1017 806 1196 861 1rna1ae
1237 800 1477 873 mutuavit
1509 810 1563 865 na
1599 813 1842 873 rarscoavne

125 878 419 951 rnorarerar‘a
442 899 671 952 vaaaoavar
693 900 904 956 uaouoevs
931 906 1154 960 raarcrrua
1171 906 1350 959 rucmrr.
1401 874 1492 961 enta
1507 886 1746 987 insrontesol.
1760 910 1788 969 1.
1805 894 1839 971 b.

121 971 167 1045 In
183 968 277 1059 fine:
316 975 460 1070 Juniani
480 976 568 1048 utari
593 980 720 1072 equitis
742 981 963 1071 neapolitani
983 987 1136 1059 oratoris
1159 978 1331 1059 clarissln'ti
1359 984 1449 1059 liber
1470 986 1514 1058 de
1537 984 1734 1079 priscorum
1757 1012 1840 1083 pro·
1949 986 1952 991 ’
2008 1006 2012 1015 ’

121 1069 275 1159 peecare
294 1077 490 1149 uerborum
504 1072 613 1149 rime
629 1075 810 1153 mcccc
821 1079 1020 1157 niman<
1054 1082 1127 1183 ure
1143 1081 1290 1159 nuru
1310 1078 1508 1161 remansi.
1542 1070 1751 1179 enacim.
1765 1108 1841 1168 cam

113 1165 207 1265 steno
232 1170 360 1365 silo&
369 1172 434 1347 lfhtL
455 1276 488 1343 T.
501 1279 545 1347 si.
561 1296 595 1362 p.
612 1294 680 1359 125.
724 1279 902 1367 Giusliniani
921 1283 943 1345 l·
954 1302 978 1347 e.
995 1302 1028 1367 p.
1042 1290 1095 1365 69·
1118 1284 1169 1348 ubi
1184 1282 1295 1354 macru.
1307 1288 1446 1355 Moram
1457 1283 1587 1353 dulor..

218 1380 276 1475 63.
302 1380 347 1455 R.
366 1401 480 1455 mons
501 1402 795 1455 uncuuaurms
815 1362 1128 1479 Sabar'aghemul,
1153 1386 1229 1459 five
1244 1386 1363 1465 Sestio
1383 1386 1641 1463 retributionis.
1691 1392 1754 1485 Esi
1768 1416 1838 1473 onc-

116 1470 202 1549 nino
215 1477 379 1572 posirema
388 1477 492 1576 sedin
506 1477 588 1555 libri
613 1480 725 1556 Torad
743 1482 868 1573 adam,
895 1500 981 1581 puae
1000 1485 1135 1575 agiam
1148 1507 1170 1561 r
1197 1574 1200 1579 ¹
1219 1484 1371 1571 datione
1385 1482 1456 1581 posi
1472 1485 1559 1559 banc
1576 1486 1684 1561 uitam
1691 1487 1838 1584 fictura.

116 1570 246 1666 Incipit
259 1573 323 1671 sol.
342 1597 373 1649 1.
392 1577 426 1653 b.
457 1574 614 1672 praefixo
633 1577 733 1653 titulo
755 1577 864 1653 Sahar
878 1580 945 1653 &o
997 1583 1041 1655 ln
1060 1580 1152 1671 sine:
1225 1584 1350 1677 uplicit
1374 1582 1494 1657 Sestio
1520 1583 1765 1661 retributionis
1790 1612 1837 1665 ex

114 1662 248 1745 Torad
267 1674 388 1767 adam,
419 1696 511 1767 opus
531 1673 688 1749 doiioris
708 1674 822 1750 nostri
837 1678 951 1752 Moscs
968 1676 1034 1753 filii
1050 1678 1242 1757 Nachman
1261 1680 1322 1755 fel.
1338 1704 1445 1756 mern.
1466 1681 1562 1753 bodie
1588 1683 1644 1752 dic
1664 1686 1695 1758 1.
1717 1686 1835 1799 menfis

115 1768 214 1843 adar
231 1774 335 1865 primi
356 1793 414 1848 an.
430 1772 604 1871 quinquies
618 1772 782 1870 millesono
807 1776 1024 1863 ducentesimo
1036 1779 1304 1878 quinquagesimo
1320 1804 1346 1855 a
1362 1776 1528 1855 creatione
1542 1778 1663 1853 mundi
1687 1782 1837 1875 (slusii

114 1862 169 1941 M
175 1864 382 1964 CCOEXC)
406 1871 459 1945 bic
472 1868 621 1965 Neapoli
639 1890 702 1968 per
722 1891 859 1946 manum
879 1872 1016 1970 sosepbi
1040 1876 1319 1972 Guntzenbeuser
1335 1872 1521 1968 Germani,
1545 1892 1642 1973 prtem
1657 1874 1755 1954 Deru
1777 1896 1838 1957 en-

110 1954 250 2058 siurac.
303 1969 406 2043 Cbor.
421 1962 522 2043 rabb.
540 1966 610 2040 eod.
629 1986 691 2067 quo
708 1966 806 2042 Eoen
821 1968 940 2045 bocben
957 1986 1142 2047 moratum
1151 1970 1250 2071 ficit,
1270 1971 1347 2072 soll.
1363 1989 1424 2071 34.
1449 1988 1486 2061 4.
1500 1969 1583 2044 nain.

277 2074 381 2143 Extat
394 2076 561 2161 exemplmn
579 2080 611 2138 in
626 2074 765 2142 urucam.
782 2076 828 2142 sl.
843 2078 879 2140 de
893 2077 980 2165 Rosi-
1031 2077 1076 2161 Cf
1090 2078 1198 2143 Eiusd.
1215 2080 1332 2151 Annui-
1348 2081 1430 2145 ltebr-
1448 2088 1568 2165 lypogr.
1593 2080 1629 2151 Ρ.
1647 2084 1675 2145 1.
1693 2104 1727 2168 p.
1742 2088 1796 2167 69·

213 2185 273 2267 64.
296 2181 342 2255 lt
363 2199 516 2252 aecum
537 2176 603 2254 filii
623 2198 789 2271 Josrrnr
811 2178 967 2253 Chovad
986 2182 1216 2274 allevavoth,
1252 2181 1315 2255 seu
1329 2182 1504 2255 Debitum
1522 2183 1697 2258 cordium.
1748 2185 1836 2281 Agit

116 2279 166 2355 ‹le
186 2275 341 2353 hominis
360 2280 573 2368 virtutibus,
595 2277 641 2348 ab
663 2274 807 2354 auctore
823 2280 961 2355 arabice
977 2282 1132 2375 primum
1155 2280 1396 2375 compositus,
1418 2276 1482 2355 sed
1504 2278 1582 2357 aR.
1603 2282 1745 2377 Jehuda
1757 2286 1835 2365 Ab·

100 2377 191 2467 ,ben
206 2377 356 2453 Tibbon
374 2378 541 2451 hebraice
555 2376 757 2450 translatus
809 2375 931 2474 Incipit
941 2374 1006 2473 fol.
1023 2398 1057 2452 r.
1077 2377 1109 2451 b.
1132 2376 1179 2453 ab
1194 2376 1340 2453 audonis
1354 2372 1587 2475 praefatione,
1610 2381 1707 2457 cuius
1718 2380 1837 2480 prima

116 2497 189 2549 nox
203 2491 246 2553 ut
264 2491 296 2551 et
309 2475 458 2574 reliquae
478 2475 681 2563 singulorum
699 2471 849 2567 capitum
865 2473 988 2548 maiori
1011 2473 1202 2549 cbaraiiere
1222 2490 1389 2549 exaratae
1403 2473 1501 2569 sunt.
1551 2476 1597 2551 In
1606 2474 1678 2569 fine
1694 2478 1766 2577 posi
1777 2478 1833 2557 oi·

113 2571 210 2661 ciacc·
226 2570 343 2669 versus
357 2572 420 2666 qui
434 2570 629 2653 seiiionum
647 2570 809 2644 omnium
825 2568 993 2645 summam
1007 2572 1225 2664 continent,
1250 2571 1443 2651 initialibus
1459 2591 1551 2647 uero
1566 2574 1697 2649 litteris
1713 2575 1833 2651 auito·
1930 2569 1941 2593 ⁰

111 2670 168 2767 ris
191 2692 348 2765 nomen,
373 2668 524 2763 sequens
548 2666 756 2763 subscriptio
776 2668 940 2763 prolixa:
976 2673 1050 2759 Ego
1073 2668 1193 2767 sosepb
1215 2668 1405 2765 Ascbenazi
1422 2670 1489 2763 seu
1507 2670 1699 2751 Gennattur
1712 2672 1836 2773 frater
1885 2726 1890 2737 -

113 2764 381 2866 desmiptorum,
403 2768 462 2868 qui
481 2767 675 2863 exscribunt
687 2783 724 2842 et
739 2768 938 2867 inquiritur
952 2781 1095 2863 typogro
1119 2768 1194 2843 biae
1209 2781 1266 2861 ope
1281 2766 1385 2843 rabios
1394 2766 1497 2841 libros
1512 2772 1545 2840 et
1556 2765 1662 2845 cerba
1676 2769 1835 2871 antiqua,

80 2924 88 2933 .
113 2863 279 2964 exscrips
303 2865 430 2943 librum
452 2866 539 2941 bum
559 2864 696 2965 quidm
716 2862 844 2975 eloquia
871 2862 1058 2956 elegantiae
1069 2781 1176 2959 siper
1192 2862 1379 2961 praeceptis
1392 2862 1458 2941 tn.
1510 2862 1699 2941 Roboraoit
1720 2882 1836 2945 autem

112 2978 239 3037 uranus
257 2986 347 3039 uuas
366 2959 548 3055 corratio,
572 2961 631 3061 qui
647 2960 857 3037 utamiaaoo
877 2958 1034 3037 remlrac
1053 2982 1143 3034 meas
1161 2984 1201 3035 uc
1214 2957 1400 3056 perseiiam
1424 2958 1582 3037 reddidit
1595 2960 1689 3037 niam
1705 2986 1833 3061 meam,
1982 3028 1985 3033 .

109 3058 239 3135 abanec
251 3061 300 3135 R.
316 3060 471 3136 Salomon
480 3058 575 3156 filius
596 3058 635 3134 cl.
660 3060 705 3133 R.
719 3059 869 3149 Peretz,
890 3058 989 3134 cuius
1004 3076 1120 3131 menen
1134 3071 1249 3133 notum
1269 3054 1313 3150 ιβ
1330 3058 1385 3130 cel
1399 3054 1520 3131 celebre
1535 3056 1747 3156 inuniversae
1760 3077 1832 3137 ter·

101 3156 184 3249 ¹etr,
208 3156 366 3252 ptumam
387 3158 426 3232 in
445 3151 698 3233 correiiionibus
725 3155 796 3232 eins
818 3156 914 3229 nulla
933 3152 977 3244 esi
996 3176 1057 3227 exc
1095 3154 1164 3248 tio,
1189 3153 1302 3229 nultus
1384 3151 1509 3227 hiatus.
1560 3159 1660 3231 Anno
1678 3158 1833 3255 ducenta,

87 3248 176 3349 ¹seu
189 3252 281 3329 CCL
305 3252 456 3348 (Cirisii
477 3252 527 3331 M
534 3250 653 3329 CCCC
654 3250 744 3345 XC)
764 3249 996 3347 sieitltuerna
1014 3168 1153 3326 υινῖιιιιι
1171 3248 1242 3327 eius
1279 3270 1294 3322 e
1321 3247 1396 3323 ibus
1411 3249 1505 3357 meis.
1555 3251 1600 3325 In
1612 3252 1735 3327 lumine
1747 3276 1835 3346 gra-
1853 3316 1862 3327 .

114 3348 188 3425 tiae
204 3364 305 3445 tuae,
336 3349 503 3444 Domine,
525 3350 641 3425 lunen
662 3349 708 3445 ιβ
723 3348 805 3427 mibi
820 3344 884 3425 &n
936 3349 1021 3425 Cum
1032 3347 1123 3447 figu.
1145 3345 1181 3428 Β
1199 3264 1323 3443 msiod.
1338 3344 1421 3449 soll.
1440 3362 1520 3443 132.
1547 3364 1723 3427 numento
1736 3348 1855 3447 unce.

115 3448 205 3551 qiud
218 3462 317 3523 extat
335 3449 385 3523 ad
397 3450 526 3524 calcem
552 3467 590 3534 4.
602 3446 686 3523 min.

284 3552 471 3637 umam
481 3550 599 3638 popm
613 3552 658 3620 u.
674 3550 812 3638 acam.
853 3545 900 3633 cs.
915 3548 1024 3618 acac.
1038 3549 1155 3617 Anna
1173 3550 1255 3617 aen.
1268 3555 1388 3632 apogr.
1411 3547 1445 3615 r.
1462 3548 1489 3616 r.
1508 3566 1540 3631 r·
1553 3560 1605 3630 re.

213 3654 270 3741 65.
292 3632 340 3724 R.
363 3670 481 3723 uosrs
508 3668 801 3720 uacunrnurnrs
822 3644 1172 3721 Commentariusin
1190 3644 1484 3721 Pentateuchum.
1511 3642 1638 3733 Fctc.
1663 3640 1697 3721 b.
1730 3643 1834 3721 Libri

114 3746 262 3843 tinum,
288 3746 469 3848 quadratis
492 3743 639 3837 litteris,
664 3744 874 3843 canonque
892 3742 1065 3841 praefatio
1084 3740 1268 3817 rabbinicis
1291 3762 1365 3816 uem
1388 3741 1495 3833 ligneo
1577 3741 1660 3816 dam
1682 3760 1832 3838 ortmtu,

79 3930 83 3935 ,
115 3846 177 3949 qui
190 3841 362 3943 superiori
379 3858 482 3941 parte
503 3856 537 3917 et
559 3843 608 3914 ad
624 3842 803 3917 demuma
828 3842 986 3931 angelum
1008 3859 1083 3914 cum
1107 3840 1195 3913 leone
1214 3852 1445 3941 pugnarum,
1474 3760 1634 3937 iniciat
1653 3859 1732 3913 nero
1751 3841 1836 3912 amc

116 3943 203 4021 alios
225 3944 358 4033 angelos
378 3942 426 4016 ad
447 3938 548 4015 vacui
565 3936 749 4031 sinnmatic
763 3937 828 4034 seu
839 3934 947 4035 figilli
970 3936 1082 4010 latera
1103 3935 1280 4033 inscientes
1304 3934 1545 4032 repraesentat.
1596 3935 1640 4009 In
1662 3930 1729 4024 sne
1752 3933 1835 4029 post

76 4032 86 4109 Γ
115 4036 363 4121 Nachmandio
387 4038 654 4133 praecationem
679 4034 784 4129 super
802 4032 940 4108 santiae
965 4035 1063 4107 urbis
1086 4032 1252 4126 excidio,
1276 4032 1538 4133 praefationem
1550 4033 1833 4109 Deuteronomii

78 4140 98 4173 ’·
107 4138 270 4241 sentitur
280 4137 366 4235 stcsa
376 4132 597 4231 subscriptio,
623 4154 708 4233 quae
729 4131 846 4229 incipit
861 4132 931 4227 sc.-
963 4131 1103 4204 Multae
1126 4130 1221 4204 filiae
1239 4146 1408 4229 operatae
1431 4131 1512 4205 sunt
1525 4132 1708 4204 virmtem,
1757 4132 1835 4204 Cor

77 4306 80 4311 .
115 4236 301 4317 meum'ad
315 4232 561 4331 typographos
576 4228 712 4307 Israelis
732 4232 794 4323 qui
814 4226 1006 4305 munificos
1030 4228 1064 4301 se
1080 4231 1357 4322 praebentcum
1371 4232 1534 4322 populo,
1560 4230 1742 4303 trahentes
1759 4232 1831 4302 vir-

117 4354 198 4432 gam
220 4333 460 4428 scriptoriam,
495 4332 665 4422 quoniam
694 4330 733 4403 in
754 4328 827 4401 hoc
852 4326 1067 4419 impressoris
1089 4330 1213 4419 portio
1237 4296 1290 4403 eh
1309 4329 1519 4417 recondita,
1532 4350 1537 4361 ·
1552 4328 1733 4401 reconditi
1755 4328 1834 4408 the·

113 4433 208 4511 sauri
222 4430 398 4507 artificum
413 4428 693 4524 typographiae,
722 4424 819 4519 quod
836 4426 986 4500 dilatent
1003 4428 1118 4521 legem
1140 4440 1178 4500 et
1195 4425 1400 4523 sapientiam
1420 4429 1458 4500 in
1474 4422 1578 4499 lsrael
1602 4442 1640 4498 et
1653 4429 1836 4525 repleatur

115 4546 215 4613 terra
237 4532 452 4625 cognitione·
464 4528 532 4602 &c
588 4524 765 4603 remor:
803 4522 960 4601 sinitram
981 4526 1024 4617 ιβ
1044 4540 1158 4599 autent
1181 4540 1283 4619 opus,
1312 4522 1402 4598 otnni
1425 4523 1620 4597 excellentia
1637 4523 1838 4615 instruiium

120 4630 171 4705 ad
186 4628 409 4725 celsitudinem
425 4626 479 4702 nel
492 4621 636 4715 gloriam
656 4634 689 4695 et
703 4620 860 4714 laudem,
880 4618 979 4715 feria
1004 4622 1067 4697 Vs.
1091 4618 1149 4697 die
1170 4618 1277 4696 till.
1296 4620 1414 4721 mensis
1430 4634 1552 4693 tanmz
1569 4638 1658 4692 anno
1677 4620 1837 4693 Lucerna

119 4726 249 4823 (CCL.
273 4724 399 4821 Cirisli
425 4718 687 4817 MCCCCRC)
721 4716 766 4815 esi
787 4716 931 4817 pedibus
962 4718 1041 4795 nuic
1066 4715 1208 4792 uerbum
1229 4733 1339 4795 netem.
1400 4716 1485 4795 Pax
1518 4713 1562 4813 sit
1586 4712 1694 4814 super
1719 4713 1839 4809 lsrael.

157 4824 275 4907 limi·
288 4840 351 4918 type
374 4830 441 4900 Vide
454 4828 515 4904 IV.
617 4840 621 4851 Ι
781 4828 785 4835 Ι
1097 4812 1202 4897 Bbb
1223 4906 1230 4917 .
1277 4912 1282 4923 Ι
1423 4860 1427 4866 ’
1688 4812 1791 4893 ωτι
