<?xml version="1.0" encoding="UTF-8"?>
<!DOCTYPE html PUBLIC "-//W3C//DTD XHTML 1.0 Transitional//EN"
    "http://www.w3.org/TR/xhtml1/DTD/xhtml1-transitional.dtd">
<html xmlns="http://www.w3.org/1999/xhtml" xml:lang="en" lang="en">
 <head>
  <title>
</title>
<meta http-equiv="Content-Type" content="text/html;charset=utf-8" />
  <meta name='ocr-system' content='tesseract 3.04.00' />
  <meta name='ocr-capabilities' content='ocr_page ocr_carea ocr_par ocr_line ocrx_word'/>
</head>
<body>
  <div class='ocr_page' id='page_1' title='image "./annalestypograp05maitgoog_0379.png"; bbox 0 0 4372 5716; ppageno 0'>
   <div class='ocr_carea' id='block_1_1' title="bbox 792 69 1813 239">
    <p class='ocr_par' dir='ltr' id='par_1_1' title="bbox 792 69 1813 239">
     <span class='ocr_line' id='line_1_1' title="bbox 792 69 1813 239; baseline 0.019 -51"><span class='ocrx_word' id='word_1_1' title='bbox 792 108 1072 223; x_wconf 77' lang='lat' dir='ltr'><em>muneous</em></span> <span class='ocrx_word' id='word_1_2' title='bbox 1354 78 1372 239; x_wconf 23' lang='grc' dir='ltr'><em>μ’</em></span> <span class='ocrx_word' id='word_1_3' title='bbox 1716 69 1813 210; x_wconf 83' lang='lat' dir='ltr'><em>cm</em></span> 
     </span>
    </p>
   </div>
   <div class='ocr_carea' id='block_1_2' title="bbox 61 286 1791 1185">
    <p class='ocr_par' dir='ltr' id='par_1_2' title="bbox 61 286 1791 1185">
     <span class='ocr_line' id='line_1_2' title="bbox 67 286 1785 423; baseline 0.004 -42"><span class='ocrx_word' id='word_1_4' title='bbox 67 334 75 353; x_wconf 53' lang='grc' dir='ltr'>ν</span> <span class='ocrx_word' id='word_1_5' title='bbox 145 298 298 411; x_wconf 59' lang='lat' dir='ltr'><em>&#39;&#39;bu-Rc</em></span> <span class='ocrx_word' id='word_1_6' title='bbox 313 328 449 384; x_wconf 79' lang='lat' dir='ltr'><em>nnvrn</em></span> <span class='ocrx_word' id='word_1_7' title='bbox 470 326 624 383; x_wconf 80' lang='lat' dir='ltr'><em>nrmcnr</em></span> <span class='ocrx_word' id='word_1_8' title='bbox 641 302 753 381; x_wconf 71' lang='lat' dir='ltr'><em>Liber</em></span> <span class='ocrx_word' id='word_1_9' title='bbox 765 306 971 387; x_wconf 76' lang='lat' dir='ltr'><em>Scarascirn</em></span> <span class='ocrx_word' id='word_1_10' title='bbox 983 310 1047 386; x_wconf 88' lang='lat' dir='ltr'><em>seu</em></span> <span class='ocrx_word' id='word_1_11' title='bbox 1061 286 1269 391; x_wconf 64' lang='lat' dir='ltr'><em>naucum*</em></span> <span class='ocrx_word' id='word_1_12' title='bbox 1295 302 1421 401; x_wconf 75' lang='lat' dir='ltr'><strong><em>Incipit</em></strong></span> <span class='ocrx_word' id='word_1_13' title='bbox 1434 306 1546 383; x_wconf 87' lang='lat' dir='ltr'><em>altera</em></span> <span class='ocrx_word' id='word_1_14' title='bbox 1555 305 1638 406; x_wconf 79' lang='lat' dir='ltr'><em>folii</em></span> <span class='ocrx_word' id='word_1_15' title='bbox 1650 310 1785 423; x_wconf 77' lang='lat' dir='ltr'><em>pagina</em></span> 
     </span>
     <span class='ocr_line' id='line_1_3' title="bbox 65 394 1784 505; baseline 0.001 -23"><span class='ocrx_word' id='word_1_16' title='bbox 65 428 105 483; x_wconf 90' lang='lat' dir='ltr'><em>co</em></span> <span class='ocrx_word' id='word_1_17' title='bbox 121 406 257 502; x_wconf 73' lang='lat' dir='ltr'><em>prorsus</em></span> <span class='ocrx_word' id='word_1_18' title='bbox 273 404 414 483; x_wconf 81' lang='lat' dir='ltr'><em>&#39;ornatu</em></span> <span class='ocrx_word' id='word_1_19' title='bbox 432 394 670 503; x_wconf 79' lang='lat' dir='ltr'><em>circumsepta,</em></span> <span class='ocrx_word' id='word_1_20' title='bbox 699 403 765 501; x_wconf 71' lang='lat' dir='ltr'><em>‚qu</em></span> <span class='ocrx_word' id='word_1_21' title='bbox 790 410 970 505; x_wconf 25' lang='lat' dir='ltr'><em>extat-sub</em></span> <span class='ocrx_word' id='word_1_22' title='bbox 997 410 1136 487; x_wconf 90' lang='lat' dir='ltr'><em>initium</em></span> <span class='ocrx_word' id='word_1_23' title='bbox 1160 400 1674 486; x_wconf 71' lang='lat' dir='ltr'><em>commotu-it-u‘aeomauus</em></span> <span class='ocrx_word' id='word_1_24' title='bbox 1699 409 1784 484; x_wconf 87' lang='lat' dir='ltr'><em>anni</em></span> 
     </span>
     <span class='ocr_line' id='line_1_4' title="bbox 69 499 1783 604; baseline 0.002 -27"><span class='ocrx_word' id='word_1_25' title='bbox 69 521 176 597; x_wconf 78' lang='lat'>1490.</span> <span class='ocrx_word' id='word_1_26' title='bbox 237 507 389 599; x_wconf 72' lang='lat' dir='ltr'><em>lineus,</em></span> <span class='ocrx_word' id='word_1_27' title='bbox 412 504 470 604; x_wconf 79' lang='lat' dir='ltr'><em>qui</em></span> <span class='ocrx_word' id='word_1_28' title='bbox 482 502 694 602; x_wconf 78' lang='lat' dir='ltr'><em>praefationi</em></span> <span class='ocrx_word' id='word_1_29' title='bbox 705 505 932 599; x_wconf 74' lang='lat' dir='ltr'><em>praeligitur,</em></span> <span class='ocrx_word' id='word_1_30' title='bbox 955 504 1158 582; x_wconf 80' lang='lat' dir='ltr'><em>etiuitialia</em></span> <span class='ocrx_word' id='word_1_31' title='bbox 1173 504 1274 580; x_wconf 91' lang='lat' dir='ltr'><em>buius</em></span> <span class='ocrx_word' id='word_1_32' title='bbox 1287 499 1447 577; x_wconf 79' lang='lat' dir='ltr'><em>uocabula</em></span> <span class='ocrx_word' id='word_1_33' title='bbox 1461 508 1552 601; x_wconf 63' lang='lat' dir='ltr'><em>typis</em></span> <span class='ocrx_word' id='word_1_34' title='bbox 1570 501 1783 600; x_wconf 81' lang='lat' dir='ltr'><em>excelsasuut</em></span> 
     </span>
     <span class='ocr_line' id='line_1_5' title="bbox 64 596 1782 701; baseline 0.003 -29"><span class='ocrx_word' id='word_1_35' title='bbox 64 600 249 701; x_wconf 77' lang='lat' dir='ltr'><em>qeeadrotis</em></span> <span class='ocrx_word' id='word_1_36' title='bbox 269 601 473 694; x_wconf 87' lang='lat' dir='ltr'><em>maioribus,</em></span> <span class='ocrx_word' id='word_1_37' title='bbox 496 616 538 676; x_wconf 91' lang='lat' dir='ltr'><em>ut</em></span> <span class='ocrx_word' id='word_1_38' title='bbox 554 615 587 675; x_wconf 89' lang='lat' dir='ltr'><em>et</em></span> <span class='ocrx_word' id='word_1_39' title='bbox 596 600 749 695; x_wconf 78' lang='lat' dir='ltr'><em>feugulae</em></span> <span class='ocrx_word' id='word_1_40' title='bbox 762 602 919 694; x_wconf 69' lang='lat' dir='ltr'><em>raucas,</em></span> <span class='ocrx_word' id='word_1_41' title='bbox 944 604 1129 679; x_wconf 83' lang='lat' dir='ltr'><em>minoribus</em></span> <span class='ocrx_word' id='word_1_42' title='bbox 1150 616 1268 676; x_wconf 88' lang='lat' dir='ltr'><em>earum</em></span> <span class='ocrx_word' id='word_1_43' title='bbox 1284 596 1440 693; x_wconf 79' lang='lat' dir='ltr'><em>cxpobtio</em></span> <span class='ocrx_word' id='word_1_44' title='bbox 1455 615 1488 674; x_wconf 94' lang='lat' dir='ltr'><em>et</em></span> <span class='ocrx_word' id='word_1_45' title='bbox 1502 614 1639 692; x_wconf 88' lang='lat' dir='ltr'><em>textus,</em></span> <span class='ocrx_word' id='word_1_46' title='bbox 1663 604 1782 678; x_wconf 86' lang='lat' dir='ltr'><em>rabbi-</em></span> 
     </span>
     <span class='ocr_line' id='line_1_6' title="bbox 62 694 1783 796; baseline 0.001 -23"><span class='ocrx_word' id='word_1_47' title='bbox 62 698 150 773; x_wconf 89' lang='lat' dir='ltr'><em>nicis</em></span> <span class='ocrx_word' id='word_1_48' title='bbox 171 697 253 773; x_wconf 81' lang='lat' dir='ltr'><em>libri</em></span> <span class='ocrx_word' id='word_1_49' title='bbox 272 724 313 772; x_wconf 88' lang='lat' dir='ltr'><em>ac</em></span> <span class='ocrx_word' id='word_1_50' title='bbox 332 697 508 794; x_wconf 69' lang='lat' dir='ltr'><em>leuiores,</em></span> <span class='ocrx_word' id='word_1_51' title='bbox 533 700 627 772; x_wconf 90' lang='lat' dir='ltr'><em>unde</em></span> <span class='ocrx_word' id='word_1_52' title='bbox 642 698 718 770; x_wconf 88' lang='lat' dir='ltr'><em>loca</em></span> <span class='ocrx_word' id='word_1_53' title='bbox 735 697 985 796; x_wconf 79' lang='lat' dir='ltr'><em>desumuntur,</em></span> <span class='ocrx_word' id='word_1_54' title='bbox 1016 722 1083 776; x_wconf 89' lang='lat' dir='ltr'><em>nou</em></span> <span class='ocrx_word' id='word_1_55' title='bbox 1109 700 1159 773; x_wconf 88' lang='lat' dir='ltr'><em>ad</em></span> <span class='ocrx_word' id='word_1_56' title='bbox 1178 696 1385 787; x_wconf 82' lang='lat' dir='ltr'><em>marginem,</em></span> <span class='ocrx_word' id='word_1_57' title='bbox 1409 711 1451 767; x_wconf 87' lang='lat' dir='ltr'><em>ue</em></span> <span class='ocrx_word' id='word_1_58' title='bbox 1471 696 1509 769; x_wconf 91' lang='lat' dir='ltr'><em>iu</em></span> <span class='ocrx_word' id='word_1_59' title='bbox 1532 694 1675 773; x_wconf 79' lang='lat' dir='ltr'><em>editione</em></span> <span class='ocrx_word' id='word_1_60' title='bbox 1698 700 1783 775; x_wconf 86' lang='lat' dir='ltr'><em>anni</em></span> 
     </span>
     <span class='ocr_line' id='line_1_7' title="bbox 69 790 1782 889; baseline 0.003 -22"><span class='ocrx_word' id='word_1_61' title='bbox 69 814 166 888; x_wconf 84' lang='lat'>1490</span> <span class='ocrx_word' id='word_1_62' title='bbox 185 795 246 886; x_wconf 78' lang='lat' dir='ltr'><em>lit,</em></span> <span class='ocrx_word' id='word_1_63' title='bbox 272 794 336 889; x_wconf 81' lang='lat' dir='ltr'><em>sed</em></span> <span class='ocrx_word' id='word_1_64' title='bbox 359 798 395 870; x_wconf 89' lang='lat' dir='ltr'><em>iu</em></span> <span class='ocrx_word' id='word_1_65' title='bbox 417 811 609 871; x_wconf 83' lang='lat' dir='ltr'><em>contextum</em></span> <span class='ocrx_word' id='word_1_66' title='bbox 625 790 734 888; x_wconf 79' lang='lat' dir='ltr'><em>ipsum</em></span> <span class='ocrx_word' id='word_1_67' title='bbox 758 796 914 888; x_wconf 77' lang='lat' dir='ltr'><em>ieescrtae.</em></span> <span class='ocrx_word' id='word_1_68' title='bbox 963 799 1025 874; x_wconf 84' lang='lat' dir='ltr'><em>Ad</em></span> <span class='ocrx_word' id='word_1_69' title='bbox 1047 800 1166 871; x_wconf 80' lang='lat' dir='ltr'><em>calcem</em></span> <span class='ocrx_word' id='word_1_70' title='bbox 1190 792 1265 873; x_wconf 84' lang='lat' dir='ltr'><em>fusa</em></span> <span class='ocrx_word' id='word_1_71' title='bbox 1283 794 1494 887; x_wconf 83' lang='lat' dir='ltr'>epigraphe,</span> <span class='ocrx_word' id='word_1_72' title='bbox 1521 794 1558 867; x_wconf 85' lang='lat' dir='ltr'><em>iu</em></span> <span class='ocrx_word' id='word_1_73' title='bbox 1578 796 1673 869; x_wconf 80' lang='lat' dir='ltr'><em>cerium</em></span> <span class='ocrx_word' id='word_1_74' title='bbox 1695 794 1782 885; x_wconf 77' lang='lat' dir='ltr'><em>bue:</em></span> 
     </span>
     <span class='ocr_line' id='line_1_8' title="bbox 63 888 1783 993; baseline 0.001 -28"><span class='ocrx_word' id='word_1_75' title='bbox 63 892 249 987; x_wconf 72' lang='lat' dir='ltr'><em>Absolutus</em></span> <span class='ocrx_word' id='word_1_76' title='bbox 265 891 341 986; x_wconf 84' lang='lat' dir='ltr'><em>scil.</em></span> <span class='ocrx_word' id='word_1_77' title='bbox 365 894 427 967; x_wconf 85' lang='lat' dir='ltr'><em>bae</em></span> <span class='ocrx_word' id='word_1_78' title='bbox 448 890 612 984; x_wconf 85' lang='lat' dir='ltr'><em>Radices,</em></span> <span class='ocrx_word' id='word_1_79' title='bbox 641 890 696 963; x_wconf 89' lang='lat' dir='ltr'><em>bic</em></span> <span class='ocrx_word' id='word_1_80' title='bbox 718 888 756 964; x_wconf 83' lang='lat' dir='ltr'><em>in</em></span> <span class='ocrx_word' id='word_1_81' title='bbox 777 892 861 967; x_wconf 88' lang='lat' dir='ltr'><em>urbe</em></span> <span class='ocrx_word' id='word_1_82' title='bbox 876 894 1027 992; x_wconf 82' lang='lat' dir='ltr'><em>Neapoli</em></span> <span class='ocrx_word' id='word_1_83' title='bbox 1043 893 1145 993; x_wconf 82' lang='lat' dir='ltr'><em>&#39;seria</em></span> <span class='ocrx_word' id='word_1_84' title='bbox 1167 895 1217 985; x_wconf 70' lang='lat' dir='ltr'><em>V,</em></span> <span class='ocrx_word' id='word_1_85' title='bbox 1245 892 1299 967; x_wconf 87' lang='lat' dir='ltr'><em>dit</em></span> <span class='ocrx_word' id='word_1_86' title='bbox 1325 910 1354 965; x_wconf 86' lang='lat'><em>1.</em></span> <span class='ocrx_word' id='word_1_87' title='bbox 1380 895 1494 989; x_wconf 71' lang='lat' dir='ltr'><em>metuis</em></span> <span class='ocrx_word' id='word_1_88' title='bbox 1520 894 1611 964; x_wconf 83' lang='lat' dir='ltr'><em>adar</em></span> <span class='ocrx_word' id='word_1_89' title='bbox 1632 892 1783 988; x_wconf 86' lang='lat' dir='ltr'><em>(Febr.)</em></span> 
     </span>
     <span class='ocr_line' id='line_1_9' title="bbox 63 986 1791 1093; baseline 0.002 -29"><span class='ocrx_word' id='word_1_90' title='bbox 63 986 213 1064; x_wconf 77' lang='lat' dir='ltr'><em>auno&#39;ub</em></span> <span class='ocrx_word' id='word_1_91' title='bbox 228 992 303 1064; x_wconf 88' lang='lat' dir='ltr'><em>orbe</em></span> <span class='ocrx_word' id='word_1_92' title='bbox 316 991 446 1063; x_wconf 88' lang='lat' dir='ltr'><em>condito</em></span> <span class='ocrx_word' id='word_1_93' title='bbox 459 988 633 1087; x_wconf 82' lang='lat' dir='ltr'><em>quinquies</em></span> <span class='ocrx_word' id='word_1_94' title='bbox 648 987 814 1085; x_wconf 78' lang='lat' dir='ltr'><em>millefimo</em></span> <span class='ocrx_word' id='word_1_95' title='bbox 825 990 1312 1093; x_wconf 69' lang='lat' dir='ltr'><em>ducentefimoquiucpuagefimo</em></span> <span class='ocrx_word' id='word_1_96' title='bbox 1328 987 1434 1083; x_wconf 90' lang='lat' dir='ltr'><em>primo</em></span> <span class='ocrx_word' id='word_1_97' title='bbox 1453 988 1602 1081; x_wconf 75' lang='lat' dir='ltr'><em>(Cbrr&#39;lii</em></span> <span class='ocrx_word' id='word_1_98' title='bbox 1615 990 1664 1066; x_wconf 87' lang='grc' dir='ltr'><em>’Μ</em></span> <span class='ocrx_word' id='word_1_99' title='bbox 1672 991 1791 1067; x_wconf 76' lang='lat' dir='ltr'><em>CCCC</em></span> 
     </span>
     <span class='ocr_line' id='line_1_10' title="bbox 61 1072 1513 1185; baseline -0.003 -22"><span class='ocrx_word' id='word_1_100' title='bbox 61 1086 181 1183; x_wconf 83' lang='lat' dir='ltr'><em>XCI.)</em></span> <span class='ocrx_word' id='word_1_101' title='bbox 231 1087 371 1164; x_wconf 82' lang='lat' dir='ltr'><em>Accedit</em></span> <span class='ocrx_word' id='word_1_102' title='bbox 390 1090 496 1161; x_wconf 89' lang='lat' dir='ltr'><em>unius</em></span> <span class='ocrx_word' id='word_1_103' title='bbox 513 1088 590 1160; x_wconf 86' lang='lat' dir='ltr'><em>folii</em></span> <span class='ocrx_word' id='word_1_104' title='bbox 606 1086 793 1178; x_wconf 83' lang='lat' dir='ltr'><em>appendix.</em></span> <span class='ocrx_word' id='word_1_105' title='bbox 844 1087 955 1167; x_wconf 68' lang='lat' dir='ltr'><em>solet</em></span> <span class='ocrx_word' id='word_1_106' title='bbox 992 1091 1053 1167; x_wconf 90' lang='lat' dir='ltr'><em>lin.</em></span> <span class='ocrx_word' id='word_1_107' title='bbox 1067 1072 1226 1185; x_wconf 47' lang='lat' dir='ltr'><em>smil.</em></span> <span class='ocrx_word' id='word_1_108' title='bbox 1254 1091 1334 1165; x_wconf 87' lang='lat'>168.</span> <span class='ocrx_word' id='word_1_109' title='bbox 1350 1085 1416 1179; x_wconf 81' lang='lat' dir='ltr'><em>sol.</em></span> <span class='ocrx_word' id='word_1_110' title='bbox 1431 1085 1513 1159; x_wconf 88' lang='lat' dir='ltr'><em>min.</em></span> 
     </span>
    </p>
   </div>
   <div class='ocr_carea' id='block_1_3' title="bbox 139 1192 1861 1450">
    <p class='ocr_par' dir='ltr' id='par_1_3' title="bbox 139 1192 1861 1450">
     <span class='ocr_line' id='line_1_11' title="bbox 157 1192 1861 1291; baseline 0 -26"><span class='ocrx_word' id='word_1_111' title='bbox 157 1224 162 1235; x_wconf 91' lang='lat'>·</span> <span class='ocrx_word' id='word_1_112' title='bbox 231 1200 339 1266; x_wconf 87' lang='lat' dir='ltr'><em>Editio</em></span> <span class='ocrx_word' id='word_1_113' title='bbox 357 1203 443 1278; x_wconf 82' lang='lat' dir='ltr'><em>boec,</em></span> <span class='ocrx_word' id='word_1_114' title='bbox 470 1206 508 1268; x_wconf 88' lang='lat' dir='ltr'><em>ab</em></span> <span class='ocrx_word' id='word_1_115' title='bbox 527 1204 622 1265; x_wconf 85' lang='lat' dir='ltr'><em>altera</em></span> <span class='ocrx_word' id='word_1_116' title='bbox 638 1200 835 1281; x_wconf 85' lang='lat' dir='ltr'><em>Neapolitana</em></span> <span class='ocrx_word' id='word_1_117' title='bbox 853 1221 942 1283; x_wconf 84' lang='lat' dir='ltr'><em>qccom</em></span> <span class='ocrx_word' id='word_1_118' title='bbox 959 1207 1094 1267; x_wconf 81' lang='lat' dir='ltr'><em>maxime</em></span> <span class='ocrx_word' id='word_1_119' title='bbox 1111 1198 1244 1279; x_wconf 63' lang='lat' dir='ltr'><em>densa,</em></span> <span class='ocrx_word' id='word_1_120' title='bbox 1279 1208 1364 1263; x_wconf 83' lang='lat' dir='ltr'><em>extat</em></span> <span class='ocrx_word' id='word_1_121' title='bbox 1384 1204 1416 1261; x_wconf 87' lang='lat' dir='ltr'><em>iu</em></span> <span class='ocrx_word' id='word_1_122' title='bbox 1431 1192 1579 1266; x_wconf 66' lang='lat' dir='ltr'><em>Bibliollu</em></span> <span class='ocrx_word' id='word_1_123' title='bbox 1593 1202 1634 1265; x_wconf 80' lang='lat' dir='ltr'><em>u.</em></span> <span class='ocrx_word' id='word_1_124' title='bbox 1647 1204 1782 1291; x_wconf 71' lang='lat' dir='ltr'><em>deRaffi·</em></span> <span class='ocrx_word' id='word_1_125' title='bbox 1857 1242 1861 1249; x_wconf 87' lang='lat'>-</span> 
     </span>
     <span class='ocr_line' id='line_1_12' title="bbox 139 1278 1784 1367; baseline 0.001 -21"><span class='ocrx_word' id='word_1_126' title='bbox 139 1321 149 1334; x_wconf 64' lang='grc'><strong>»</strong></span> <span class='ocrx_word' id='word_1_127' title='bbox 278 1282 324 1364; x_wconf 80' lang='lat' dir='ltr'><em>Cf·</em></span> <span class='ocrx_word' id='word_1_128' title='bbox 341 1283 448 1347; x_wconf 84' lang='lat' dir='ltr'><em>Eiusd·</em></span> <span class='ocrx_word' id='word_1_129' title='bbox 472 1285 492 1343; x_wconf 93' lang='lat' dir='ltr'><em>l.</em></span> <span class='ocrx_word' id='word_1_130' title='bbox 507 1302 534 1345; x_wconf 91' lang='lat' dir='ltr'><em>c.</em></span> <span class='ocrx_word' id='word_1_131' title='bbox 558 1283 590 1345; x_wconf 82' lang='grc' dir='ltr'><em>Ρ.</em></span> <span class='ocrx_word' id='word_1_132' title='bbox 609 1283 634 1343; x_wconf 88' lang='lat' dir='ltr'><em>l.</em></span> <span class='ocrx_word' id='word_1_133' title='bbox 660 1300 690 1359; x_wconf 86' lang='lat' dir='ltr'><em>p.</em></span> <span class='ocrx_word' id='word_1_134' title='bbox 708 1294 759 1351; x_wconf 83' lang='lat'><em>80·</em></span> <span class='ocrx_word' id='word_1_135' title='bbox 805 1278 1038 1366; x_wconf 63' lang='lat' dir='ltr'><em>&amp;ulpianorum</em></span> <span class='ocrx_word' id='word_1_136' title='bbox 1060 1282 1265 1363; x_wconf 76' lang='lat' dir='ltr'><em>etreligiomt</em></span> <span class='ocrx_word' id='word_1_137' title='bbox 1283 1280 1442 1362; x_wconf 80' lang='lat' dir='ltr'><em>uocabula,</em></span> <span class='ocrx_word' id='word_1_138' title='bbox 1459 1302 1534 1364; x_wconf 83' lang='lat' dir='ltr'><em>quae</em></span> <span class='ocrx_word' id='word_1_139' title='bbox 1550 1285 1585 1345; x_wconf 88' lang='lat' dir='ltr'><em>iu</em></span> <span class='ocrx_word' id='word_1_140' title='bbox 1599 1287 1784 1367; x_wconf 77' lang='lat' dir='ltr'><em>praecedente·</em></span> 
     </span>
     <span class='ocr_line' id='line_1_13' title="bbox 272 1358 1795 1450; baseline -0.006 -23"><span class='ocrx_word' id='word_1_141' title='bbox 272 1364 398 1427; x_wconf 78' lang='lat' dir='ltr'><em>edilione</em></span> <span class='ocrx_word' id='word_1_142' title='bbox 406 1361 535 1447; x_wconf 82' lang='lat' dir='ltr'><em>suerunt</em></span> <span class='ocrx_word' id='word_1_143' title='bbox 538 1358 714 1449; x_wconf 73' lang='lat' dir='ltr'><em>suppreffa,</em></span> <span class='ocrx_word' id='word_1_144' title='bbox 730 1362 768 1422; x_wconf 84' lang='lat' dir='ltr'><em>m</em></span> <span class='ocrx_word' id='word_1_145' title='bbox 780 1362 836 1423; x_wconf 82' lang='lat' dir='ltr'><em>ltus</em></span> <span class='ocrx_word' id='word_1_146' title='bbox 846 1370 920 1438; x_wconf 74' lang='lat' dir='ltr'><em>lunt</em></span> <span class='ocrx_word' id='word_1_147' title='bbox 936 1364 1081 1450; x_wconf 79' lang='lat' dir='ltr'><em>rcsluulu.</em></span> <span class='ocrx_word' id='word_1_148' title='bbox 1787 1405 1795 1418; x_wconf 90' lang='lat'><strong>.</strong></span> 
     </span>
    </p>
   </div>
   <div class='ocr_carea' id='block_1_4' title="bbox 60 1489 1791 1989">
    <p class='ocr_par' dir='ltr' id='par_1_4' title="bbox 60 1489 1791 1989">
     <span class='ocr_line' id='line_1_14' title="bbox 86 1489 1791 1590; baseline 0.011 -31"><span class='ocrx_word' id='word_1_149' title='bbox 86 1572 93 1585; x_wconf 22' lang='grc' dir='ltr'>ἱ</span> <span class='ocrx_word' id='word_1_150' title='bbox 163 1509 222 1579; x_wconf 75' lang='lat'><em>70.</em></span> <span class='ocrx_word' id='word_1_151' title='bbox 247 1491 585 1566; x_wconf 79' lang='lat' dir='ltr'><em>Prnrnrnvcnvs</em></span> <span class='ocrx_word' id='word_1_152' title='bbox 617 1511 701 1564; x_wconf 88' lang='lat' dir='ltr'><em>curn</em></span> <span class='ocrx_word' id='word_1_153' title='bbox 719 1489 848 1564; x_wconf 87' lang='lat' dir='ltr'><em>Iarchii</em></span> <span class='ocrx_word' id='word_1_154' title='bbox 868 1490 1168 1587; x_wconf 77' lang='lat' dir='ltr'><em>Commentario,</em></span> <span class='ocrx_word' id='word_1_155' title='bbox 1198 1493 1251 1566; x_wconf 91' lang='lat' dir='ltr'><em>V.</em></span> <span class='ocrx_word' id='word_1_156' title='bbox 1268 1496 1513 1590; x_wconf 87' lang='lat' dir='ltr'><em>Meghilloth,</em></span> <span class='ocrx_word' id='word_1_157' title='bbox 1543 1497 1606 1571; x_wconf 88' lang='lat' dir='ltr'><em>seu</em></span> <span class='ocrx_word' id='word_1_158' title='bbox 1629 1499 1791 1577; x_wconf 85' lang='lat' dir='ltr'><em>Cantico·</em></span> 
     </span>
     <span class='ocr_line' id='line_1_15' title="bbox 62 1589 1784 1690; baseline 0.003 -23"><span class='ocrx_word' id='word_1_159' title='bbox 62 1591 323 1682; x_wconf 79' lang='lat' dir='ltr'><em>Canticomm,</em></span> <span class='ocrx_word' id='word_1_160' title='bbox 350 1591 472 1682; x_wconf 90' lang='lat' dir='ltr'><em>Ruth,</em></span> <span class='ocrx_word' id='word_1_161' title='bbox 499 1591 680 1679; x_wconf 87' lang='lat' dir='ltr'><em>Threnis,</em></span> <span class='ocrx_word' id='word_1_162' title='bbox 706 1589 971 1665; x_wconf 86' lang='lat' dir='ltr'><em>Eccleliasteet</em></span> <span class='ocrx_word' id='word_1_163' title='bbox 984 1591 1135 1684; x_wconf 88' lang='lat' dir='ltr'><em>Esther,</em></span> <span class='ocrx_word' id='word_1_164' title='bbox 1159 1593 1391 1687; x_wconf 84' lang='lat' dir='ltr'><em>Aphtaroth,</em></span> <span class='ocrx_word' id='word_1_165' title='bbox 1421 1594 1482 1668; x_wconf 89' lang='lat' dir='ltr'><em>seu</em></span> <span class='ocrx_word' id='word_1_166' title='bbox 1496 1596 1719 1690; x_wconf 86' lang='lat' dir='ltr'><em>Propheticis</em></span> <span class='ocrx_word' id='word_1_167' title='bbox 1734 1602 1784 1673; x_wconf 91' lang='lat' dir='ltr'><em>le·</em></span> 
     </span>
     <span class='ocr_line' id='line_1_16' title="bbox 64 1687 1785 1791; baseline 0.004 -25"><span class='ocrx_word' id='word_1_168' title='bbox 64 1692 242 1767; x_wconf 70' lang='lat' dir='ltr'><em>itionibus</em></span> <span class='ocrx_word' id='word_1_169' title='bbox 264 1706 302 1764; x_wconf 86' lang='lat' dir='ltr'><em>ct</em></span> <span class='ocrx_word' id='word_1_170' title='bbox 318 1689 493 1763; x_wconf 87' lang='lat' dir='ltr'><em>Antiochi</em></span> <span class='ocrx_word' id='word_1_171' title='bbox 517 1690 726 1789; x_wconf 72' lang='lat' dir='ltr'><em>Volumina.</em></span> <span class='ocrx_word' id='word_1_172' title='bbox 776 1692 821 1762; x_wconf 85' lang='lat' dir='ltr'><em>lu</em></span> <span class='ocrx_word' id='word_1_173' title='bbox 837 1687 952 1783; x_wconf 75' lang='lat' dir='ltr'><em>fronte</em></span> <span class='ocrx_word' id='word_1_174' title='bbox 969 1693 1173 1787; x_wconf 83' lang='lat' dir='ltr'><em>caelatura,</em></span> <span class='ocrx_word' id='word_1_175' title='bbox 1192 1712 1281 1791; x_wconf 81' lang='lat' dir='ltr'><em>quoe</em></span> <span class='ocrx_word' id='word_1_176' title='bbox 1294 1693 1413 1787; x_wconf 84' lang='lat' dir='ltr'><em>serta,</em></span> <span class='ocrx_word' id='word_1_177' title='bbox 1433 1693 1536 1789; x_wconf 78' lang='lat' dir='ltr'><em>iasio</em></span> <span class='ocrx_word' id='word_1_178' title='bbox 1557 1721 1635 1773; x_wconf 88' lang='lat' dir='ltr'><em>cero</em></span> <span class='ocrx_word' id='word_1_179' title='bbox 1652 1700 1785 1773; x_wconf 90' lang='lat' dir='ltr'><em>alatum</em></span> 
     </span>
     <span class='ocr_line' id='line_1_17' title="bbox 60 1786 1782 1891; baseline 0.005 -28"><span class='ocrx_word' id='word_1_180' title='bbox 60 1808 209 1891; x_wconf 82' lang='lat' dir='ltr'><em>puerum</em></span> <span class='ocrx_word' id='word_1_181' title='bbox 230 1802 262 1862; x_wconf 88' lang='lat' dir='ltr'><em>ct</em></span> <span class='ocrx_word' id='word_1_182' title='bbox 280 1810 375 1862; x_wconf 82' lang='lat' dir='ltr'><em>cerco</em></span> <span class='ocrx_word' id='word_1_183' title='bbox 391 1787 605 1877; x_wconf 78' lang='lat' dir='ltr'><em>infidentem‚</em></span> <span class='ocrx_word' id='word_1_184' title='bbox 627 1786 765 1884; x_wconf 79' lang='lat' dir='ltr'><em>eiusque</em></span> <span class='ocrx_word' id='word_1_185' title='bbox 776 1805 907 1859; x_wconf 85' lang='lat' dir='ltr'><em>cornua</em></span> <span class='ocrx_word' id='word_1_186' title='bbox 922 1808 1029 1864; x_wconf 87' lang='lat' dir='ltr'><em>mauu</em></span> <span class='ocrx_word' id='word_1_187' title='bbox 1042 1804 1206 1864; x_wconf 84' lang='lat' dir='ltr'><em>tenentem</em></span> <span class='ocrx_word' id='word_1_188' title='bbox 1224 1813 1263 1863; x_wconf 86' lang='lat' dir='ltr'><em>ae</em></span> <span class='ocrx_word' id='word_1_189' title='bbox 1276 1809 1423 1866; x_wconf 77' lang='lat' dir='ltr'><em>uacuum</em></span> <span class='ocrx_word' id='word_1_190' title='bbox 1435 1790 1610 1880; x_wconf 77' lang='lat' dir='ltr'><em>flemmar</em></span> <span class='ocrx_word' id='word_1_191' title='bbox 1670 1793 1782 1884; x_wconf 78' lang='lat' dir='ltr'><em>aestu·</em></span> 
     </span>
     <span class='ocr_line' id='line_1_18' title="bbox 62 1811 1785 1989; baseline 0.001 -27"><span class='ocrx_word' id='word_1_192' title='bbox 62 1901 132 1968; x_wconf 83' lang='lat' dir='ltr'><em>tat.</em></span> <span class='ocrx_word' id='word_1_193' title='bbox 160 1885 282 1961; x_wconf 88' lang='lat' dir='ltr'><em>Prima</em></span> <span class='ocrx_word' id='word_1_194' title='bbox 298 1883 398 1958; x_wconf 80' lang='lat' dir='ltr'><em>diiiio</em></span> <span class='ocrx_word' id='word_1_195' title='bbox 414 1882 600 1978; x_wconf 83' lang='lat' dir='ltr'><em>Renesebitb</em></span> <span class='ocrx_word' id='word_1_196' title='bbox 617 1880 809 1978; x_wconf 86' lang='lat' dir='ltr'><em>maiusculis</em></span> <span class='ocrx_word' id='word_1_197' title='bbox 826 1881 950 1956; x_wconf 90' lang='lat' dir='ltr'><em>litteris</em></span> <span class='ocrx_word' id='word_1_198' title='bbox 965 1886 1137 1989; x_wconf 79' lang='lat' dir='ltr'><em>eccpreffa,</em></span> <span class='ocrx_word' id='word_1_199' title='bbox 1161 1890 1336 1985; x_wconf 85' lang='lat' dir='ltr'><em>eodemque</em></span> <span class='ocrx_word' id='word_1_200' title='bbox 1348 1907 1474 1961; x_wconf 79' lang='lat' dir='ltr'><em>unctu</em></span> <span class='ocrx_word' id='word_1_201' title='bbox 1485 1811 1700 1987; x_wconf 45' lang='lat' dir='ltr'><em>cirenemffpta</em></span> <span class='ocrx_word' id='word_1_202' title='bbox 1715 1888 1785 1985; x_wconf 75' lang='lat' dir='ltr'><em>ell;</em></span> 
     </span>
    </p>
   </div>
   <div class='ocr_carea' id='block_1_5' title="bbox 56 1981 1947 2085">
    <p class='ocr_par' dir='ltr' id='par_1_5' title="bbox 56 1981 1947 2085">
     <span class='ocr_line' id='line_1_19' title="bbox 56 1981 1947 2085; baseline 0.006 -28"><span class='ocrx_word' id='word_1_203' title='bbox 56 1984 154 2085; x_wconf 77' lang='lat' dir='ltr'><em>ficet</em></span> <span class='ocrx_word' id='word_1_204' title='bbox 169 1981 318 2057; x_wconf 83' lang='lat' dir='ltr'><em>initiales</em></span> <span class='ocrx_word' id='word_1_205' title='bbox 338 1981 482 2056; x_wconf 89' lang='lat' dir='ltr'><em>aliorum</em></span> <span class='ocrx_word' id='word_1_206' title='bbox 499 1981 684 2074; x_wconf 87' lang='lat' dir='ltr'><em>librorum,</em></span> <span class='ocrx_word' id='word_1_207' title='bbox 706 1992 844 2073; x_wconf 78' lang='lat' dir='ltr'><em>excepto</em></span> <span class='ocrx_word' id='word_1_208' title='bbox 861 1981 960 2053; x_wconf 84' lang='lat' dir='ltr'><em>urcico</em></span> <span class='ocrx_word' id='word_1_209' title='bbox 974 1983 1251 2072; x_wconf 70' lang='lat' dir='ltr'><em>Deuteronomio,</em></span> <span class='ocrx_word' id='word_1_210' title='bbox 1277 1982 1469 2077; x_wconf 82' lang='lat' dir='ltr'><em>maiusculis</em></span> <span class='ocrx_word' id='word_1_211' title='bbox 1486 1985 1781 2077; x_wconf 81' lang='lat' dir='ltr'><em>litteriseonliant.</em></span> <span class='ocrx_word' id='word_1_212' title='bbox 1846 2054 1849 2059; x_wconf 92' lang='lat'><em>.</em></span> <span class='ocrx_word' id='word_1_213' title='bbox 1943 2058 1947 2067; x_wconf 88' lang='lat'>.</span> 
     </span>
    </p>
   </div>
   <div class='ocr_carea' id='block_1_6' title="bbox 41 2074 1902 4530">
    <p class='ocr_par' dir='ltr' id='par_1_6' title="bbox 41 2074 1902 4530">
     <span class='ocr_line' id='line_1_20' title="bbox 64 2074 1782 2179; baseline 0.002 -22"><span class='ocrx_word' id='word_1_214' title='bbox 64 2078 255 2157; x_wconf 67' lang='lat' dir='ltr'><em>teutonum</em></span> <span class='ocrx_word' id='word_1_215' title='bbox 273 2078 418 2153; x_wconf 84' lang='lat' dir='ltr'><em>exordia</em></span> <span class='ocrx_word' id='word_1_216' title='bbox 435 2077 624 2152; x_wconf 72' lang='lat' dir='ltr'><em>obtrudere</em></span> <span class='ocrx_word' id='word_1_217' title='bbox 641 2074 954 2173; x_wconf 81' lang='lat' dir='ltr'><em>exaratamat&#39;ori,</em></span> <span class='ocrx_word' id='word_1_218' title='bbox 978 2082 1148 2176; x_wconf 84' lang='lat' dir='ltr'><em>quadrato</em></span> <span class='ocrx_word' id='word_1_219' title='bbox 1160 2080 1309 2170; x_wconf 78' lang='lat' dir='ltr'><em>uunori,</em></span> <span class='ocrx_word' id='word_1_220' title='bbox 1330 2078 1518 2179; x_wconf 78' lang='lat' dir='ltr'><em>bispauico,</em></span> <span class='ocrx_word' id='word_1_221' title='bbox 1532 2080 1632 2179; x_wconf 84' lang='lat' dir='ltr'><em>sacer</em></span> <span class='ocrx_word' id='word_1_222' title='bbox 1648 2098 1782 2178; x_wconf 86' lang='lat' dir='ltr'><em>textus,</em></span> 
     </span>
     <span class='ocr_line' id='line_1_21' title="bbox 62 2171 1782 2272; baseline 0.005 -21"><span class='ocrx_word' id='word_1_223' title='bbox 62 2175 237 2259; x_wconf 86' lang='lat' dir='ltr'><em>rabbinico</em></span> <span class='ocrx_word' id='word_1_224' title='bbox 261 2178 399 2251; x_wconf 90' lang='lat' dir='ltr'><em>tandem</em></span> <span class='ocrx_word' id='word_1_225' title='bbox 421 2173 705 2265; x_wconf 66' lang='lat' dir='ltr'><em>Commentarius,</em></span> <span class='ocrx_word' id='word_1_226' title='bbox 734 2171 797 2272; x_wconf 78' lang='lat' dir='ltr'><em>qui</em></span> <span class='ocrx_word' id='word_1_227' title='bbox 821 2172 869 2243; x_wconf 91' lang='lat' dir='ltr'><em>ad</em></span> <span class='ocrx_word' id='word_1_228' title='bbox 890 2178 1043 2250; x_wconf 77' lang='lat' dir='ltr'><em>exterius</em></span> <span class='ocrx_word' id='word_1_229' title='bbox 1070 2178 1182 2267; x_wconf 80' lang='lat' dir='ltr'><em>latur,</em></span> <span class='ocrx_word' id='word_1_230' title='bbox 1211 2178 1269 2250; x_wconf 85' lang='lat' dir='ltr'><em>uel</em></span> <span class='ocrx_word' id='word_1_231' title='bbox 1292 2178 1328 2250; x_wconf 93' lang='lat' dir='ltr'><em>in</em></span> <span class='ocrx_word' id='word_1_232' title='bbox 1350 2178 1421 2251; x_wconf 90' lang='lat' dir='ltr'><em>ima</em></span> <span class='ocrx_word' id='word_1_233' title='bbox 1442 2180 1573 2271; x_wconf 70' lang='lat' dir='ltr'><em>pag-ina</em></span> <span class='ocrx_word' id='word_1_234' title='bbox 1594 2182 1782 2258; x_wconf 87' lang='lat' dir='ltr'><em>collocatur.</em></span> 
     </span>
     <span class='ocr_line' id='line_1_22' title="bbox 65 2267 1783 2373; baseline 0.002 -22"><span class='ocrx_word' id='word_1_235' title='bbox 65 2274 189 2369; x_wconf 72' lang='lat' dir='ltr'><em>insint</em></span> <span class='ocrx_word' id='word_1_236' title='bbox 211 2272 432 2348; x_wconf 81' lang='lat' dir='ltr'><em>Pentateucbi</em></span> <span class='ocrx_word' id='word_1_237' title='bbox 447 2273 609 2360; x_wconf 68' lang='lat' dir='ltr'><em>leguntur</em></span> <span class='ocrx_word' id='word_1_238' title='bbox 622 2267 769 2363; x_wconf 80' lang='lat' dir='ltr'><em>uersus:</em></span> <span class='ocrx_word' id='word_1_239' title='bbox 804 2270 951 2346; x_wconf 83' lang='lat' dir='ltr'><em>Dileue</em></span> <span class='ocrx_word' id='word_1_240' title='bbox 965 2276 1016 2346; x_wconf 90' lang='lat' dir='ltr'><em>mi</em></span> <span class='ocrx_word' id='word_1_241' title='bbox 1033 2278 1189 2369; x_wconf 90' lang='lat' dir='ltr'><em>popule,</em></span> <span class='ocrx_word' id='word_1_242' title='bbox 1212 2276 1278 2346; x_wconf 84' lang='lat' dir='ltr'><em>vel</em></span> <span class='ocrx_word' id='word_1_243' title='bbox 1288 2274 1484 2369; x_wconf 80' lang='lat' dir='ltr'><em>israelitae,</em></span> <span class='ocrx_word' id='word_1_244' title='bbox 1497 2280 1559 2370; x_wconf 91' lang='lat' dir='ltr'><em>qui</em></span> <span class='ocrx_word' id='word_1_245' title='bbox 1571 2277 1723 2373; x_wconf 85' lang='lat' dir='ltr'><em>elegistis</em></span> <span class='ocrx_word' id='word_1_246' title='bbox 1744 2283 1783 2355; x_wconf 88' lang='lat' dir='ltr'><em>in</em></span> 
     </span>
     <span class='ocr_line' id='line_1_23' title="bbox 61 2360 1779 2471; baseline 0.006 -29"><span class='ocrx_word' id='word_1_247' title='bbox 61 2372 274 2469; x_wconf 84' lang='lat' dir='ltr'><em>portionem</em></span> <span class='ocrx_word' id='word_1_248' title='bbox 288 2371 421 2463; x_wconf 86' lang='lat' dir='ltr'><em>Legem</em></span> <span class='ocrx_word' id='word_1_249' title='bbox 436 2369 509 2444; x_wconf 91' lang='lat' dir='ltr'><em>Dei</em></span> <span class='ocrx_word' id='word_1_250' title='bbox 530 2371 569 2443; x_wconf 90' lang='lat' dir='ltr'><em>in</em></span> <span class='ocrx_word' id='word_1_251' title='bbox 585 2360 823 2441; x_wconf 71' lang='lat' dir='ltr'><em>montesium</em></span> <span class='ocrx_word' id='word_1_252' title='bbox 839 2368 975 2462; x_wconf 81' lang='lat' dir='ltr'><em>datam,</em></span> <span class='ocrx_word' id='word_1_253' title='bbox 998 2373 1152 2447; x_wconf 84' lang='lat' dir='ltr'><em>Elevate</em></span> <span class='ocrx_word' id='word_1_254' title='bbox 1166 2394 1315 2449; x_wconf 81' lang='lat' dir='ltr'><em>monum</em></span> <span class='ocrx_word' id='word_1_255' title='bbox 1331 2373 1522 2467; x_wconf 73' lang='lat' dir='ltr'><em>vestram,</em></span> <span class='ocrx_word' id='word_1_256' title='bbox 1534 2394 1577 2452; x_wconf 90' lang='lat' dir='ltr'><em>ut</em></span> <span class='ocrx_word' id='word_1_257' title='bbox 1589 2375 1779 2471; x_wconf 83' lang='lat' dir='ltr'><em>suscipiatis</em></span> 
     </span>
     <span class='ocr_line' id='line_1_24' title="bbox 64 2467 1783 2561; baseline 0.003 -16"><span class='ocrx_word' id='word_1_258' title='bbox 64 2472 139 2545; x_wconf 88' lang='lat' dir='ltr'><em>hoc</em></span> <span class='ocrx_word' id='word_1_259' title='bbox 155 2489 284 2542; x_wconf 89' lang='lat' dir='ltr'><em>munus</em></span> <span class='ocrx_word' id='word_1_260' title='bbox 304 2470 397 2541; x_wconf 84' lang='lat' dir='ltr'><em>Cum</em></span> <span class='ocrx_word' id='word_1_261' title='bbox 410 2467 680 2541; x_wconf 79' lang='lat' dir='ltr'><em>Commentario</em></span> <span class='ocrx_word' id='word_1_262' title='bbox 697 2468 777 2539; x_wconf 82' lang='lat' dir='ltr'><em>eius</em></span> <span class='ocrx_word' id='word_1_263' title='bbox 792 2470 855 2559; x_wconf 80' lang='lat' dir='ltr'><em>qui</em></span> <span class='ocrx_word' id='word_1_264' title='bbox 871 2469 999 2561; x_wconf 88' lang='lat' dir='ltr'><em>pandit</em></span> <span class='ocrx_word' id='word_1_265' title='bbox 1009 2469 1270 2544; x_wconf 81' lang='lat' dir='ltr'><em>absconditum.</em></span> <span class='ocrx_word' id='word_1_266' title='bbox 1319 2470 1456 2546; x_wconf 87' lang='lat' dir='ltr'><em>Videte</em></span> <span class='ocrx_word' id='word_1_267' title='bbox 1470 2497 1559 2549; x_wconf 85' lang='lat' dir='ltr'><em>num</em></span> <span class='ocrx_word' id='word_1_268' title='bbox 1575 2475 1619 2550; x_wconf 85' lang='lat' dir='ltr'><em>fit</em></span> <span class='ocrx_word' id='word_1_269' title='bbox 1635 2477 1673 2548; x_wconf 90' lang='lat' dir='ltr'><em>in</em></span> <span class='ocrx_word' id='word_1_270' title='bbox 1692 2477 1783 2551; x_wconf 85' lang='lat' dir='ltr'><em>orbo</em></span> 
     </span>
     <span class='ocr_line' id='line_1_25' title="bbox 63 2565 1783 2669; baseline 0.003 -26"><span class='ocrx_word' id='word_1_271' title='bbox 63 2567 176 2643; x_wconf 87' lang='lat' dir='ltr'><em>fimile</em></span> <span class='ocrx_word' id='word_1_272' title='bbox 194 2568 227 2640; x_wconf 90' lang='lat' dir='ltr'><em>ei</em></span> <span class='ocrx_word' id='word_1_273' title='bbox 247 2569 448 2661; x_wconf 86' lang='lat' dir='ltr'><em>exemplar,</em></span> <span class='ocrx_word' id='word_1_274' title='bbox 473 2565 655 2640; x_wconf 88' lang='lat' dir='ltr'><em>Accurate</em></span> <span class='ocrx_word' id='word_1_275' title='bbox 673 2565 769 2638; x_wconf 72' lang='lat' dir='ltr'><em>adeo</em></span> <span class='ocrx_word' id='word_1_276' title='bbox 784 2566 1013 2641; x_wconf 74' lang='lat' dir='ltr'><em>elaboratum</em></span> <span class='ocrx_word' id='word_1_277' title='bbox 1029 2585 1068 2643; x_wconf 89' lang='lat' dir='ltr'><em>et</em></span> <span class='ocrx_word' id='word_1_278' title='bbox 1086 2571 1337 2663; x_wconf 81' lang='lat' dir='ltr'><em>intelligenter.</em></span> <span class='ocrx_word' id='word_1_279' title='bbox 1388 2573 1620 2662; x_wconf 79' lang='lat' dir='ltr'><em>interroganti</em></span> <span class='ocrx_word' id='word_1_280' title='bbox 1632 2574 1728 2648; x_wconf 86' lang='lat' dir='ltr'><em>cuius</em></span> <span class='ocrx_word' id='word_1_281' title='bbox 1740 2576 1783 2669; x_wconf 75' lang='lat' dir='ltr'><em>fit</em></span> 
     </span>
     <span class='ocr_line' id='line_1_26' title="bbox 63 2661 1897 2763; baseline 0.002 -21"><span class='ocrx_word' id='word_1_282' title='bbox 63 2666 123 2742; x_wconf 81' lang='lat' dir='ltr'><em>boc</em></span> <span class='ocrx_word' id='word_1_283' title='bbox 139 2679 243 2760; x_wconf 89' lang='lat' dir='ltr'><em>opus,</em></span> <span class='ocrx_word' id='word_1_284' title='bbox 278 2662 470 2759; x_wconf 85' lang='lat' dir='ltr'><em>respondete</em></span> <span class='ocrx_word' id='word_1_285' title='bbox 493 2663 565 2756; x_wconf 91' lang='lat' dir='ltr'><em>illi,</em></span> <span class='ocrx_word' id='word_1_286' title='bbox 598 2661 669 2753; x_wconf 79' lang='lat' dir='ltr'><em>nui</em></span> <span class='ocrx_word' id='word_1_287' title='bbox 691 2663 827 2738; x_wconf 77' lang='lat' dir='ltr'><em>Sontini</em></span> <span class='ocrx_word' id='word_1_288' title='bbox 850 2663 1089 2762; x_wconf 77' lang='lat' dir='ltr'><em>disposuerunt</em></span> <span class='ocrx_word' id='word_1_289' title='bbox 1114 2690 1177 2742; x_wconf 89' lang='lat' dir='ltr'><em>mc.</em></span> <span class='ocrx_word' id='word_1_290' title='bbox 1242 2666 1331 2741; x_wconf 87' lang='lat' dir='ltr'><em>Urbi</em></span> <span class='ocrx_word' id='word_1_291' title='bbox 1357 2669 1520 2763; x_wconf 83' lang='lat' dir='ltr'><em>Neapolis</em></span> <span class='ocrx_word' id='word_1_292' title='bbox 1546 2691 1635 2746; x_wconf 89' lang='lat' dir='ltr'><em>anuo</em></span> <span class='ocrx_word' id='word_1_293' title='bbox 1661 2672 1782 2749; x_wconf 69' lang='lat' dir='ltr'><em>cccl.</em></span> <span class='ocrx_word' id='word_1_294' title='bbox 1893 2700 1897 2707; x_wconf 93' lang='lat'><em>·</em></span> 
     </span>
     <span class='ocr_line' id='line_1_27' title="bbox 60 2758 1902 2869; baseline 0.003 -32"><span class='ocrx_word' id='word_1_295' title='bbox 60 2758 214 2855; x_wconf 62' lang='lat' dir='ltr'><em>(cirilli</em></span> <span class='ocrx_word' id='word_1_296' title='bbox 239 2761 413 2835; x_wconf 79' lang='lat' dir='ltr'><em>MCCCC</em></span> <span class='ocrx_word' id='word_1_297' title='bbox 413 2758 529 2856; x_wconf 81' lang='lat' dir='ltr'><em>XCI.)</em></span> <span class='ocrx_word' id='word_1_298' title='bbox 556 2758 786 2855; x_wconf 79' lang='lat' dir='ltr'><em>adscribatur.</em></span> <span class='ocrx_word' id='word_1_299' title='bbox 840 2762 996 2836; x_wconf 76' lang='lat' dir='ltr'><em>Erudiat</em></span> <span class='ocrx_word' id='word_1_300' title='bbox 1017 2787 1090 2840; x_wconf 88' lang='lat' dir='ltr'><em>eam</em></span> <span class='ocrx_word' id='word_1_301' title='bbox 1107 2763 1203 2838; x_wconf 89' lang='lat' dir='ltr'><em>Deus</em></span> <span class='ocrx_word' id='word_1_302' title='bbox 1226 2779 1259 2838; x_wconf 91' lang='lat' dir='ltr'><em>et</em></span> <span class='ocrx_word' id='word_1_303' title='bbox 1278 2763 1443 2839; x_wconf 82' lang='lat' dir='ltr'><em>Reueius</em></span> <span class='ocrx_word' id='word_1_304' title='bbox 1462 2767 1500 2838; x_wconf 87' lang='lat' dir='ltr'><em>in</em></span> <span class='ocrx_word' id='word_1_305' title='bbox 1522 2767 1727 2842; x_wconf 82' lang='lat' dir='ltr'><em>canutoell</em></span> <span class='ocrx_word' id='word_1_306' title='bbox 1765 2810 1819 2869; x_wconf 60' lang='grc' dir='ltr'><em>ι-ιν</em></span> <span class='ocrx_word' id='word_1_307' title='bbox 1894 2786 1902 2801; x_wconf 88' lang='grc'><em>“</em></span> 
     </span>
     <span class='ocr_line' id='line_1_28' title="bbox 41 2857 1897 2959; baseline 0.008 -34"><span class='ocrx_word' id='word_1_308' title='bbox 41 2857 161 2934; x_wconf 81' lang='lat' dir='ltr'><em>¹titia·</em></span> <span class='ocrx_word' id='word_1_309' title='bbox 214 2859 482 2933; x_wconf 88' lang='lat' dir='ltr'><em>Pentateucbum</em></span> <span class='ocrx_word' id='word_1_310' title='bbox 502 2857 678 2954; x_wconf 89' lang='lat' dir='ltr'><em>excipiunt</em></span> <span class='ocrx_word' id='word_1_311' title='bbox 698 2858 747 2930; x_wconf 90' lang='lat' dir='ltr'><em>V.</em></span> <span class='ocrx_word' id='word_1_312' title='bbox 768 2858 1016 2954; x_wconf 85' lang='lat' dir='ltr'><em>Meghilloth,</em></span> <span class='ocrx_word' id='word_1_313' title='bbox 1050 2861 1140 2939; x_wconf 86' lang='lat' dir='ltr'><em>binis</em></span> <span class='ocrx_word' id='word_1_314' title='bbox 1157 2862 1315 2935; x_wconf 87' lang='lat' dir='ltr'><em>columnis</em></span> <span class='ocrx_word' id='word_1_315' title='bbox 1331 2859 1484 2956; x_wconf 85' lang='lat' dir='ltr'><em>divisae,</em></span> <span class='ocrx_word' id='word_1_316' title='bbox 1509 2865 1632 2937; x_wconf 87' lang='lat' dir='ltr'><em>deinde</em></span> <span class='ocrx_word' id='word_1_317' title='bbox 1647 2863 1803 2959; x_wconf 57' lang='lat' dir='ltr'><em>Aphtaf&#39;.¹</em></span> <span class='ocrx_word' id='word_1_318' title='bbox 1894 2888 1897 2893; x_wconf 90' lang='lat'>·</span> 
     </span>
     <span class='ocr_line' id='line_1_29' title="bbox 64 2953 1781 3058; baseline 0.005 -30"><span class='ocrx_word' id='word_1_319' title='bbox 64 2954 153 3028; x_wconf 88' lang='lat' dir='ltr'><em>roth</em></span> <span class='ocrx_word' id='word_1_320' title='bbox 169 2978 209 3029; x_wconf 89' lang='lat' dir='ltr'><em>oe</em></span> <span class='ocrx_word' id='word_1_321' title='bbox 222 2953 381 3051; x_wconf 72' lang='lat' dir='ltr'><em>postremo</em></span> <span class='ocrx_word' id='word_1_322' title='bbox 396 2955 573 3050; x_wconf 27' lang='lat' dir='ltr'><em>Antio-chi</em></span> <span class='ocrx_word' id='word_1_323' title='bbox 588 2956 786 3030; x_wconf 86' lang='lat' dir='ltr'><em>Volumen.</em></span> <span class='ocrx_word' id='word_1_324' title='bbox 842 2957 997 3049; x_wconf 76' lang='lat' dir='ltr'><em>Paginac</em></span> <span class='ocrx_word' id='word_1_325' title='bbox 1019 2959 1142 3035; x_wconf 86' lang='lat' dir='ltr'><em>babent</em></span> <span class='ocrx_word' id='word_1_326' title='bbox 1153 2958 1273 3034; x_wconf 82' lang='lat' dir='ltr'><em>titulos</em></span> <span class='ocrx_word' id='word_1_327' title='bbox 1293 2973 1324 3035; x_wconf 87' lang='lat' dir='ltr'><em>et</em></span> <span class='ocrx_word' id='word_1_328' title='bbox 1336 2960 1564 3058; x_wconf 78' lang='lat' dir='ltr'><em>figunturas,</em></span> <span class='ocrx_word' id='word_1_329' title='bbox 1581 2960 1681 3056; x_wconf 83' lang='lat' dir='ltr'><em>sacer</em></span> <span class='ocrx_word' id='word_1_330' title='bbox 1692 2976 1781 3037; x_wconf 84' lang='lat' dir='ltr'><em>tecet.</em></span> 
     </span>
     <span class='ocr_line' id='line_1_30' title="bbox 61 3050 1309 3151; baseline 0.006 -28"><span class='ocrx_word' id='word_1_331' title='bbox 61 3051 125 3130; x_wconf 84' lang='lat' dir='ltr'><em>liu.</em></span> <span class='ocrx_word' id='word_1_332' title='bbox 140 3057 202 3133; x_wconf 80' lang='lat'><em>28.</em></span> <span class='ocrx_word' id='word_1_333' title='bbox 231 3050 270 3124; x_wconf 91' lang='lat' dir='ltr'><em>iu</em></span> <span class='ocrx_word' id='word_1_334' title='bbox 285 3050 483 3141; x_wconf 70' lang='lat' dir='ltr'><em>uegetum</em></span> <span class='ocrx_word' id='word_1_335' title='bbox 499 3072 559 3145; x_wconf 87' lang='lat'><em>29.</em></span> <span class='ocrx_word' id='word_1_336' title='bbox 581 3053 691 3147; x_wconf 66' lang='lat' dir='ltr'><em>tipo.</em></span> <span class='ocrx_word' id='word_1_337' title='bbox 712 3052 779 3151; x_wconf 80' lang='lat' dir='ltr'><em>sol.</em></span> <span class='ocrx_word' id='word_1_338' title='bbox 795 3054 877 3128; x_wconf 86' lang='lat' dir='ltr'><em>min.</em></span> <span class='ocrx_word' id='word_1_339' title='bbox 1303 3076 1309 3086; x_wconf 89' lang='lat'><strong>·</strong></span> 
     </span>
     <span class='ocr_line' id='line_1_31' title="bbox 96 3143 1781 3240; baseline 0.007 -33"><span class='ocrx_word' id='word_1_340' title='bbox 96 3179 134 3235; x_wconf 42' lang='grc' dir='ltr'><em>ἢ.</em></span> <span class='ocrx_word' id='word_1_341' title='bbox 233 3144 337 3233; x_wconf 52' lang='grc' dir='ltr'><em>ξω</em></span> <span class='ocrx_word' id='word_1_342' title='bbox 350 3149 517 3229; x_wconf 86' lang='lat' dir='ltr'><em>exemplum</em></span> <span class='ocrx_word' id='word_1_343' title='bbox 531 3154 563 3211; x_wconf 87' lang='lat' dir='ltr'><em>in</em></span> <span class='ocrx_word' id='word_1_344' title='bbox 577 3149 718 3212; x_wconf 85' lang='lat' dir='ltr'><em>Bibliotls.</em></span> <span class='ocrx_word' id='word_1_345' title='bbox 738 3149 780 3212; x_wconf 87' lang='lat' dir='ltr'><em>Cl.</em></span> <span class='ocrx_word' id='word_1_346' title='bbox 794 3149 934 3240; x_wconf 73' lang='lat' dir='ltr'><em>delioffl.</em></span> <span class='ocrx_word' id='word_1_347' title='bbox 976 3143 1022 3231; x_wconf 72' lang='lat' dir='ltr'><em>Cf.</em></span> <span class='ocrx_word' id='word_1_348' title='bbox 1040 3147 1150 3215; x_wconf 82' lang='lat' dir='ltr'><em>Eiusd.</em></span> <span class='ocrx_word' id='word_1_349' title='bbox 1169 3152 1189 3212; x_wconf 85' lang='lat' dir='ltr'><em>l·</em></span> <span class='ocrx_word' id='word_1_350' title='bbox 1203 3171 1226 3217; x_wconf 90' lang='lat' dir='ltr'><em>c.</em></span> <span class='ocrx_word' id='word_1_351' title='bbox 1249 3149 1284 3212; x_wconf 85' lang='lat' dir='ltr'><em>P·</em></span> <span class='ocrx_word' id='word_1_352' title='bbox 1298 3149 1326 3216; x_wconf 83' lang='grc' dir='ltr'><em>Ι.</em></span> <span class='ocrx_word' id='word_1_353' title='bbox 1348 3168 1380 3230; x_wconf 86' lang='lat' dir='ltr'><em>p.</em></span> <span class='ocrx_word' id='word_1_354' title='bbox 1396 3162 1447 3222; x_wconf 78' lang='lat'><em>82·</em></span> <span class='ocrx_word' id='word_1_355' title='bbox 1456 3153 1523 3233; x_wconf 81' lang='lat' dir='ltr'><em>sq.</em></span> <span class='ocrx_word' id='word_1_356' title='bbox 1564 3150 1781 3232; x_wconf 71' lang='lat' dir='ltr'><em>tulissemus,</em></span> 
     </span>
     <span class='ocr_line' id='line_1_32' title="bbox 268 3226 1784 3389; baseline 0.007 -20"><span class='ocrx_word' id='word_1_357' title='bbox 268 3226 1503 3389; x_wconf 59' lang='lat' dir='ltr'><em>llulllldilliuu&#39;tldbbsluulsubcubuit,</em></span> <span class='ocrx_word' id='word_1_358' title='bbox 1521 3236 1784 3379; x_wconf 48' lang='lat' dir='ltr'><em>‘iiiiiimi</em></span> 
     </span>
     <span class='ocr_line' id='line_1_33' title="bbox 167 3333 1782 3476; baseline 0.007 -33"><span class='ocrx_word' id='word_1_359' title='bbox 167 3438 173 3443; x_wconf 84' lang='lat'>.</span> <span class='ocrx_word' id='word_1_360' title='bbox 272 3385 432 3469; x_wconf 76' lang='lat' dir='ltr'><em>Mcscbuoe</em></span> <span class='ocrx_word' id='word_1_361' title='bbox 445 3389 601 3453; x_wconf 75' lang='lat' dir='ltr'><em>editionem</em></span> <span class='ocrx_word' id='word_1_362' title='bbox 614 3389 771 3473; x_wconf 77' lang='lat' dir='ltr'><em>vulgante,</em></span> <span class='ocrx_word' id='word_1_363' title='bbox 787 3390 839 3455; x_wconf 84' lang='lat' dir='ltr'><em>sui</em></span> <span class='ocrx_word' id='word_1_364' title='bbox 854 3356 1051 3456; x_wconf 71' lang='lat' dir='ltr'><em>adimentia</em></span> <span class='ocrx_word' id='word_1_365' title='bbox 1066 3351 1225 3471; x_wconf 62' lang='lat' dir='ltr'><em>irriserit,</em></span> <span class='ocrx_word' id='word_1_366' title='bbox 1246 3388 1326 3474; x_wconf 62' lang='lat' dir='ltr'><em>,you</em></span> <span class='ocrx_word' id='word_1_367' title='bbox 1342 3387 1382 3460; x_wconf 65' lang='lat' dir='ltr'><em>fii</em></span> <span class='ocrx_word' id='word_1_368' title='bbox 1399 3333 1586 3464; x_wconf 68' lang='lat' dir='ltr'><em>Proverbiie.</em></span> <span class='ocrx_word' id='word_1_369' title='bbox 1604 3334 1782 3476; x_wconf 48' lang='lat' dir='ltr'><em>anni14492.</em></span> 
     </span>
     <span class='ocr_line' id='line_1_34' title="bbox 271 3467 1837 3553; baseline 0.01 -21"><span class='ocrx_word' id='word_1_370' title='bbox 271 3467 433 3552; x_wconf 77' lang='lat' dir='ltr'><em>dandoest.</em></span> <span class='ocrx_word' id='word_1_371' title='bbox 478 3467 596 3552; x_wconf 77' lang='lat' dir='ltr'><em>Vlup.</em></span> <span class='ocrx_word' id='word_1_372' title='bbox 612 3481 680 3550; x_wconf 80' lang='lat'><em>378·</em></span> <span class='ocrx_word' id='word_1_373' title='bbox 703 3468 841 3535; x_wconf 68' lang='lat' dir='ltr'><em>nobb·</em></span> <span class='ocrx_word' id='word_1_374' title='bbox 1278 3526 1284 3533; x_wconf 89' lang='lat'>.</span> <span class='ocrx_word' id='word_1_375' title='bbox 1706 3480 1712 3491; x_wconf 85' lang='lat'>&#39;</span> <span class='ocrx_word' id='word_1_376' title='bbox 1745 3544 1751 3553; x_wconf 89' lang='grc'>,</span> <span class='ocrx_word' id='word_1_377' title='bbox 1831 3502 1837 3511; x_wconf 94' lang='grc'><em>·</em></span> 
     </span>
     <span class='ocr_line' id='line_1_35' title="bbox 163 3574 1784 3677; baseline 0.004 -30"><span class='ocrx_word' id='word_1_378' title='bbox 163 3590 225 3666; x_wconf 85' lang='lat'><em>70.</em></span> <span class='ocrx_word' id='word_1_379' title='bbox 244 3574 281 3649; x_wconf 95' lang='lat' dir='ltr'><em>b.</em></span> <span class='ocrx_word' id='word_1_380' title='bbox 303 3575 560 3651; x_wconf 69' lang='lat' dir='ltr'><em>Accessum</em></span> <span class='ocrx_word' id='word_1_381' title='bbox 586 3576 716 3651; x_wconf 88' lang='lat' dir='ltr'><em>Canon</em></span> <span class='ocrx_word' id='word_1_382' title='bbox 739 3575 783 3651; x_wconf 84' lang='lat' dir='ltr'><em>ab</em></span> <span class='ocrx_word' id='word_1_383' title='bbox 804 3596 994 3670; x_wconf 84' lang='lat' dir='ltr'><em>anonymo</em></span> <span class='ocrx_word' id='word_1_384' title='bbox 1013 3577 1182 3653; x_wconf 80' lang='lat' dir='ltr'><em>hebraice</em></span> <span class='ocrx_word' id='word_1_385' title='bbox 1204 3577 1340 3654; x_wconf 85' lang='lat' dir='ltr'><em>versus.</em></span> <span class='ocrx_word' id='word_1_386' title='bbox 1396 3576 1518 3656; x_wconf 81' lang='lat' dir='ltr'><em>Tribus</em></span> <span class='ocrx_word' id='word_1_387' title='bbox 1541 3580 1598 3655; x_wconf 82' lang='lat' dir='ltr'><em>boc</em></span> <span class='ocrx_word' id='word_1_388' title='bbox 1611 3594 1692 3677; x_wconf 89' lang='lat' dir='ltr'><em>opus</em></span> <span class='ocrx_word' id='word_1_389' title='bbox 1707 3598 1784 3653; x_wconf 90' lang='lat' dir='ltr'><em>con·</em></span> 
     </span>
     <span class='ocr_line' id='line_1_36' title="bbox 157 3670 1785 3775; baseline -0.001 -27"><span class='ocrx_word' id='word_1_390' title='bbox 157 3671 411 3763; x_wconf 85' lang='lat' dir='ltr'><em>Voluminibus,</em></span> <span class='ocrx_word' id='word_1_391' title='bbox 445 3692 586 3774; x_wconf 88' lang='lat' dir='ltr'><em>quorum</em></span> <span class='ocrx_word' id='word_1_392' title='bbox 605 3676 756 3771; x_wconf 89' lang='lat' dir='ltr'><em>primum</em></span> <span class='ocrx_word' id='word_1_393' title='bbox 774 3670 866 3747; x_wconf 91' lang='lat' dir='ltr'><em>binos</em></span> <span class='ocrx_word' id='word_1_394' title='bbox 884 3676 1016 3770; x_wconf 85' lang='lat' dir='ltr'><em>priores</em></span> <span class='ocrx_word' id='word_1_395' title='bbox 1041 3678 1186 3751; x_wconf 85' lang='lat' dir='ltr'><em>continet</em></span> <span class='ocrx_word' id='word_1_396' title='bbox 1202 3678 1305 3756; x_wconf 89' lang='lat' dir='ltr'><em>libros</em></span> <span class='ocrx_word' id='word_1_397' title='bbox 1322 3677 1398 3775; x_wconf 84' lang='lat' dir='ltr'><em>foll.</em></span> <span class='ocrx_word' id='word_1_398' title='bbox 1419 3693 1485 3771; x_wconf 77' lang='lat'><em>143</em></span> <span class='ocrx_word' id='word_1_399' title='bbox 1494 3702 1511 3768; x_wconf 91' lang='lat'><em>;</em></span> <span class='ocrx_word' id='word_1_400' title='bbox 1536 3673 1724 3771; x_wconf 88' lang='lat' dir='ltr'><em>secundum</em></span> <span class='ocrx_word' id='word_1_401' title='bbox 1741 3676 1785 3748; x_wconf 88' lang='lat' dir='ltr'><em>li-</em></span> 
     </span>
     <span class='ocr_line' id='line_1_37' title="bbox 136 3768 1787 3867; baseline 0.001 -23"><span class='ocrx_word' id='word_1_402' title='bbox 136 3792 168 3844; x_wconf 91' lang='lat' dir='ltr'><em>m</em></span> <span class='ocrx_word' id='word_1_403' title='bbox 189 3773 349 3860; x_wconf 86' lang='lat' dir='ltr'><em>tertium,</em></span> <span class='ocrx_word' id='word_1_404' title='bbox 375 3768 452 3867; x_wconf 74' lang='lat' dir='ltr'><em>foll.</em></span> <span class='ocrx_word' id='word_1_405' title='bbox 473 3786 554 3865; x_wconf 87' lang='lat'><strong>194.</strong></span> <span class='ocrx_word' id='word_1_406' title='bbox 577 3770 719 3847; x_wconf 81' lang='lat' dir='ltr'><em>eertum</em></span> <span class='ocrx_word' id='word_1_407' title='bbox 735 3768 911 3866; x_wconf 70' lang='lat' dir='ltr'><em>postremos</em></span> <span class='ocrx_word' id='word_1_408' title='bbox 930 3774 1035 3862; x_wconf 84' lang='lat' dir='ltr'><em>duos,</em></span> <span class='ocrx_word' id='word_1_409' title='bbox 1058 3771 1135 3862; x_wconf 72' lang='lat' dir='ltr'><em>ull.</em></span> <span class='ocrx_word' id='word_1_410' title='bbox 1157 3795 1239 3863; x_wconf 82' lang='lat'>141.</span> <span class='ocrx_word' id='word_1_411' title='bbox 1293 3775 1507 3850; x_wconf 86' lang='lat' dir='ltr'><em>Praecedunt</em></span> <span class='ocrx_word' id='word_1_412' title='bbox 1528 3772 1604 3865; x_wconf 79' lang='lat' dir='ltr'><em>soll.</em></span> <span class='ocrx_word' id='word_1_413' title='bbox 1625 3788 1657 3865; x_wconf 81' lang='lat'><em>3.</em></span> <span class='ocrx_word' id='word_1_414' title='bbox 1684 3787 1787 3846; x_wconf 80' lang='lat' dir='ltr'><em>extra</em></span> 
     </span>
     <span class='ocr_line' id='line_1_38' title="bbox 68 3867 1784 3966; baseline 0 -22"><span class='ocrx_word' id='word_1_415' title='bbox 68 3868 279 3964; x_wconf 80' lang='lat' dir='ltr'><em>fignaturam</em></span> <span class='ocrx_word' id='word_1_416' title='bbox 293 3868 510 3943; x_wconf 85' lang='lat' dir='ltr'><em>Avicennae</em></span> <span class='ocrx_word' id='word_1_417' title='bbox 526 3869 702 3964; x_wconf 84' lang='lat' dir='ltr'><em>praefatio</em></span> <span class='ocrx_word' id='word_1_418' title='bbox 728 3881 768 3942; x_wconf 89' lang='lat' dir='ltr'><em>et</em></span> <span class='ocrx_word' id='word_1_419' title='bbox 793 3869 874 3943; x_wconf 87' lang='lat' dir='ltr'><em>libri</em></span> <span class='ocrx_word' id='word_1_420' title='bbox 891 3870 996 3962; x_wconf 88' lang='lat' dir='ltr'><em>primi</em></span> <span class='ocrx_word' id='word_1_421' title='bbox 1010 3869 1140 3965; x_wconf 88' lang='lat' dir='ltr'><em>index,</em></span> <span class='ocrx_word' id='word_1_422' title='bbox 1166 3874 1228 3966; x_wconf 91' lang='lat' dir='ltr'><em>qui</em></span> <span class='ocrx_word' id='word_1_423' title='bbox 1250 3887 1289 3947; x_wconf 90' lang='lat' dir='ltr'><em>et</em></span> <span class='ocrx_word' id='word_1_424' title='bbox 1301 3871 1441 3965; x_wconf 80' lang='lat' dir='ltr'><em>ungulis</em></span> <span class='ocrx_word' id='word_1_425' title='bbox 1455 3871 1553 3946; x_wconf 88' lang='lat' dir='ltr'><em>libris</em></span> <span class='ocrx_word' id='word_1_426' title='bbox 1566 3867 1784 3962; x_wconf 85' lang='lat' dir='ltr'><em>praefigitur.</em></span> 
     </span>
     <span class='ocr_line' id='line_1_39' title="bbox 65 3965 1788 4068; baseline -0.003 -22"><span class='ocrx_word' id='word_1_427' title='bbox 65 3970 114 4047; x_wconf 82' lang='lat' dir='ltr'><em>ln</em></span> <span class='ocrx_word' id='word_1_428' title='bbox 128 3966 198 4060; x_wconf 75' lang='lat' dir='ltr'><em>fine</em></span> <span class='ocrx_word' id='word_1_429' title='bbox 210 3966 353 4062; x_wconf 85' lang='lat' dir='ltr'><em>secundi</em></span> <span class='ocrx_word' id='word_1_430' title='bbox 371 3966 454 4043; x_wconf 80' lang='lat' dir='ltr'><em>libre·</em></span> <span class='ocrx_word' id='word_1_431' title='bbox 479 3990 519 4040; x_wconf 87' lang='lat' dir='ltr'><em>ac</em></span> <span class='ocrx_word' id='word_1_432' title='bbox 534 3967 638 4062; x_wconf 86' lang='lat' dir='ltr'><em>primi</em></span> <span class='ocrx_word' id='word_1_433' title='bbox 657 3965 870 4041; x_wconf 83' lang='lat' dir='ltr'><em>Volumiuis:</em></span> <span class='ocrx_word' id='word_1_434' title='bbox 914 3968 1071 4042; x_wconf 86' lang='lat' dir='ltr'><em>Laudem</em></span> <span class='ocrx_word' id='word_1_435' title='bbox 1092 3969 1245 4047; x_wconf 84' lang='lat' dir='ltr'><em>tribuam</em></span> <span class='ocrx_word' id='word_1_436' title='bbox 1265 3968 1433 4068; x_wconf 81' lang='lat' dir='ltr'><em>poffeffori</em></span> <span class='ocrx_word' id='word_1_437' title='bbox 1458 3993 1526 4044; x_wconf 89' lang='lat' dir='ltr'><em>meo</em></span> <span class='ocrx_word' id='word_1_438' title='bbox 1554 3967 1613 4067; x_wconf 76' lang='lat' dir='ltr'><em>qui</em></span> <span class='ocrx_word' id='word_1_439' title='bbox 1635 3967 1673 4038; x_wconf 85' lang='lat' dir='ltr'><em>in</em></span> <span class='ocrx_word' id='word_1_440' title='bbox 1692 3969 1788 4053; x_wconf 74' lang='lat' dir='ltr'><em>uam</em></span> 
     </span>
     <span class='ocr_line' id='line_1_40' title="bbox 68 4060 1787 4160; baseline -0.004 -19"><span class='ocrx_word' id='word_1_441' title='bbox 68 4063 229 4141; x_wconf 75' lang='lat' dir='ltr'><em>neruuis</em></span> <span class='ocrx_word' id='word_1_442' title='bbox 253 4064 402 4140; x_wconf 76' lang='lat' dir='ltr'><em>dedumt</em></span> <span class='ocrx_word' id='word_1_443' title='bbox 424 4085 476 4139; x_wconf 84' lang='lat' dir='ltr'><em>ure</em></span> <span class='ocrx_word' id='word_1_444' title='bbox 500 4062 759 4160; x_wconf 86' lang='lat' dir='ltr'><em>bucNeapolim</em></span> <span class='ocrx_word' id='word_1_445' title='bbox 782 4062 821 4140; x_wconf 91' lang='lat' dir='ltr'><em>in</em></span> <span class='ocrx_word' id='word_1_446' title='bbox 845 4063 977 4138; x_wconf 85' lang='lat' dir='ltr'><em>domum</em></span> <span class='ocrx_word' id='word_1_447' title='bbox 1003 4063 1130 4139; x_wconf 90' lang='lat' dir='ltr'><em>domiui</em></span> <span class='ocrx_word' id='word_1_448' title='bbox 1153 4066 1219 4141; x_wconf 89' lang='lat' dir='ltr'><em>mei</em></span> <span class='ocrx_word' id='word_1_449' title='bbox 1245 4068 1288 4142; x_wconf 89' lang='lat' dir='ltr'><em>R.</em></span> <span class='ocrx_word' id='word_1_450' title='bbox 1307 4066 1455 4144; x_wconf 72' lang='lat' dir='ltr'><em>Azanes</em></span> <span class='ocrx_word' id='word_1_451' title='bbox 1468 4063 1541 4159; x_wconf 77' lang='lat' dir='ltr'><em>filii</em></span> <span class='ocrx_word' id='word_1_452' title='bbox 1565 4065 1609 4138; x_wconf 82' lang='lat' dir='ltr'><em>li.</em></span> <span class='ocrx_word' id='word_1_453' title='bbox 1629 4060 1787 4158; x_wconf 78' lang='lat' dir='ltr'><em>Josepbe&#39;,</em></span> 
     </span>
     <span class='ocr_line' id='line_1_41' title="bbox 68 4156 1790 4262; baseline -0.002 -26"><span class='ocrx_word' id='word_1_454' title='bbox 68 4159 168 4236; x_wconf 86' lang='lat' dir='ltr'><em>euius</em></span> <span class='ocrx_word' id='word_1_455' title='bbox 184 4159 314 4262; x_wconf 84' lang='lat' dir='ltr'><em>requies</em></span> <span class='ocrx_word' id='word_1_456' title='bbox 342 4162 383 4243; x_wconf 87' lang='lat' dir='ltr'><em>lit</em></span> <span class='ocrx_word' id='word_1_457' title='bbox 405 4161 444 4237; x_wconf 86' lang='lat' dir='ltr'><em>in</em></span> <span class='ocrx_word' id='word_1_458' title='bbox 461 4160 554 4239; x_wconf 86' lang='lat' dir='ltr'><em>borto</em></span> <span class='ocrx_word' id='word_1_459' title='bbox 567 4156 774 4258; x_wconf 78' lang='lat' dir='ltr'><em>voluptatis,</em></span> <span class='ocrx_word' id='word_1_460' title='bbox 796 4174 833 4236; x_wconf 85' lang='lat' dir='ltr'><em>et</em></span> <span class='ocrx_word' id='word_1_461' title='bbox 850 4177 958 4260; x_wconf 77' lang='lat' dir='ltr'><em>usque</em></span> <span class='ocrx_word' id='word_1_462' title='bbox 980 4179 1070 4235; x_wconf 90' lang='lat' dir='ltr'><em>nunc</em></span> <span class='ocrx_word' id='word_1_463' title='bbox 1090 4162 1229 4240; x_wconf 81' lang='lat' dir='ltr'><em>adiurit</em></span> <span class='ocrx_word' id='word_1_464' title='bbox 1247 4186 1299 4238; x_wconf 91' lang='lat' dir='ltr'><em>me</em></span> <span class='ocrx_word' id='word_1_465' title='bbox 1314 4178 1357 4240; x_wconf 90' lang='lat' dir='ltr'><em>ur</em></span> <span class='ocrx_word' id='word_1_466' title='bbox 1371 4160 1562 4257; x_wconf 80' lang='lat' dir='ltr'><em>perficerem</em></span> <span class='ocrx_word' id='word_1_467' title='bbox 1585 4156 1713 4233; x_wconf 90' lang='lat' dir='ltr'><em>librum</em></span> <span class='ocrx_word' id='word_1_468' title='bbox 1740 4160 1790 4233; x_wconf 88' lang='lat' dir='ltr'><em>ll.</em></span> 
     </span>
     <span class='ocr_line' id='line_1_42' title="bbox 58 4252 1794 4370; baseline -0.001 -40"><span class='ocrx_word' id='word_1_469' title='bbox 58 4252 229 4353; x_wconf 78' lang='lat' dir='ltr'><em>sapientis</em></span> <span class='ocrx_word' id='word_1_470' title='bbox 254 4256 374 4333; x_wconf 80' lang='lat' dir='ltr'><em>rudici</em></span> <span class='ocrx_word' id='word_1_471' title='bbox 397 4257 496 4336; x_wconf 83' lang='lat' dir='ltr'><em>Abeo</em></span> <span class='ocrx_word' id='word_1_472' title='bbox 527 4256 653 4351; x_wconf 90' lang='lat' dir='ltr'><em>Sinae,</em></span> <span class='ocrx_word' id='word_1_473' title='bbox 684 4273 749 4355; x_wconf 89' lang='lat' dir='ltr'><em>per</em></span> <span class='ocrx_word' id='word_1_474' title='bbox 767 4276 906 4334; x_wconf 88' lang='lat' dir='ltr'><em>manum</em></span> <span class='ocrx_word' id='word_1_475' title='bbox 931 4254 996 4331; x_wconf 88' lang='lat' dir='ltr'><em>mei</em></span> <span class='ocrx_word' id='word_1_476' title='bbox 1022 4257 1155 4333; x_wconf 86' lang='lat' dir='ltr'><em>minimi</em></span> <span class='ocrx_word' id='word_1_477' title='bbox 1179 4258 1284 4357; x_wconf 77' lang='lat' dir='ltr'><em>aseer</em></span> <span class='ocrx_word' id='word_1_478' title='bbox 1311 4260 1377 4349; x_wconf 78' lang='lat' dir='ltr'><em>filii</em></span> <span class='ocrx_word' id='word_1_479' title='bbox 1392 4256 1563 4370; x_wconf 85' lang='lat' dir='ltr'><em>sapientis</em></span> <span class='ocrx_word' id='word_1_480' title='bbox 1588 4256 1633 4332; x_wconf 87' lang='lat' dir='ltr'><em>R.</em></span> <span class='ocrx_word' id='word_1_481' title='bbox 1659 4255 1794 4353; x_wconf 80' lang='lat' dir='ltr'><em>Peretz</em></span> 
     </span>
     <span class='ocr_line' id='line_1_43' title="bbox 69 4346 1799 4530; baseline -0.008 -95"><span class='ocrx_word' id='word_1_482' title='bbox 69 4351 220 4434; x_wconf 80' lang='lat' dir='ltr'><em>numm</em></span> <span class='ocrx_word' id='word_1_483' title='bbox 238 4355 453 4458; x_wconf 79' lang='lat' dir='ltr'><em>compofitoris</em></span> <span class='ocrx_word' id='word_1_484' title='bbox 468 4357 665 4437; x_wconf 89' lang='lat' dir='ltr'><em>litterarum</em></span> <span class='ocrx_word' id='word_1_485' title='bbox 680 4354 744 4456; x_wconf 82' lang='lat' dir='ltr'><em>seu</em></span> <span class='ocrx_word' id='word_1_486' title='bbox 763 4355 949 4528; x_wconf 53' lang='lat' dir='ltr'><em>typotbetalg</em></span> <span class='ocrx_word' id='word_1_487' title='bbox 963 4352 1075 4530; x_wconf 35' lang='lat' dir='ltr'><em>gradiz</em></span> <span class='ocrx_word' id='word_1_488' title='bbox 1095 4356 1149 4431; x_wconf 91' lang='lat' dir='ltr'><em>die</em></span> <span class='ocrx_word' id='word_1_489' title='bbox 1169 4357 1232 4434; x_wconf 87' lang='lat' dir='ltr'><em>Vl.</em></span> <span class='ocrx_word' id='word_1_490' title='bbox 1251 4358 1367 4459; x_wconf 81' lang='lat' dir='ltr'><em>menfis</em></span> <span class='ocrx_word' id='word_1_491' title='bbox 1384 4355 1512 4435; x_wconf 84' lang='lat' dir='ltr'><em>Cbesleo</em></span> <span class='ocrx_word' id='word_1_492' title='bbox 1535 4373 1629 4430; x_wconf 81' lang='lat' dir='ltr'><em>auno</em></span> <span class='ocrx_word' id='word_1_493' title='bbox 1641 4346 1799 4521; x_wconf 40' lang='grc' dir='ltr'><em>εἶξα</em></span> 
     </span>
    </p>
   </div>
   <div class='ocr_carea' id='block_1_7' title="bbox 0 0 2190 5716">
    <p class='ocr_par' dir='ltr' id='par_1_7' title="bbox 0 0 2190 5716">
     <span class='ocr_line' id='line_1_44' title="bbox 0 0 2190 5716; baseline 0 1"><span class='ocrx_word' id='word_1_494' title='bbox 0 0 2190 5716; x_wconf 95' lang='lat' dir='ltr'><em> </em></span> 
     </span>
    </p>
   </div>
  </div>
 </body>
</html>
