4372 5716
452 490 784 573 nonomen.
973 505 975 510 ·
1159 496 1418 579 onrxmn.
1722 477 1831 601 255'
1889 486 1913 537 “-
1956 488 1995 499 ’·

81 692 203 790 Regni
231 635 538 772 administratione
572 693 617 768 ad
638 693 860 783 Nicoclem3
894 693 1005 767 altera
1028 711 1119 787 quae
1140 692 1315 772 Nicocles
1336 693 1568 793 inscribitur,
1590 698 1797 795 ,mterprete

80 794 265 870 Michaele
284 789 469 868 chefferio
483 787 653 867 Bofirenfi
675 790 855 886 episcopo.
905 791 949 866 In
963 787 1057 883 fine:
1092 792 1250 891 Imprcffo
1270 798 1309 872 in
1329 795 1469 888 brugna
1482 812 1532 896 p9
1547 801 1683 898 joanne
1695 817 1821 903 anm

79 878 139 971 cio
158 893 200 967 de
213 886 389 968 hauriet.
443 890 545 967 Cbar.
563 911 647 966 rom.
667 886 966 993 mrumst-F.
989 886 1026 966 ss
1037 885 1225 990 solemn.
1248 909 1285 982 4.
1298 894 1381 970 urin.

250 983 324 1073 Foffi
345 987 366 1053 l.
380 1004 405 1052 t.
429 985 463 1053 Τ.
478 988 524 1054 ll„
538 1004 571 1069 p.
589 1007 639 1052 rr.
651 986 701 1071 sq.

158 1097 265 1174 310.
290 1078 463 1173 Logicula
483 1101 610 1155 river
630 1101 791 1155 vnunrr
819 1077 991 1155 correcta
1012 1098 1081 1174 per
1102 1084 1345 1158 venerabilem
1364 1096 1503 1177 patrem
1529 1083 1676 1164 fratrem
1698 1090 1795 1166 Mar·

82 1197 167 1251 curn
183 1177 229 1251 de
244 1177 461 1252 Benevento
476 1179 611 1253 ordinis
628 1179 745 1254 Sentii
760 1177 943 1252 benedisti
958 1183 1245 1274 congregationis
1265 1181 1547 1259 eeleffinorum:
1574 1191 1702 1262 artium
1714 1211 1795 1282 per·

81 1272 346 1369 spicaciffimum
364 1277 588 1351 bacalarium.
638 1283 682 1354 ln
693 1275 789 1369 fine:
821 1274 920 1363 Finis
946 1278 1100 1371 logicule
1117 1279 1277 1375 Magistri
1300 1280 1398 1355 Pauli
1419 1281 1580 1357 Veneti:
1612 1270 1796 1362 accuratis-
1950 1323 1955 1336 ·

82 1372 170 1447 fime
205 1389 318 1489 atque
340 1375 529 1472 diligenter
553 1375 772 1452 emendate·
808 1372 941 1451 iutuitu
963 1388 996 1450 ct
1015 1372 1060 1450 ob
1087 1391 1246 1466 rogatum
1267 1375 1437 1453 Benedisb‘
1459 1378 1611 1456 uentris
1631 1383 1796 1480 Bonienfrs
1867 1378 1870 1383 ’
1937 1436 1941 1444 «

82 1469 200 1566 (ficlr
227 1479 338 1552 curus
351 1471 501 1574 impenfis
517 1474 573 1552 boc
589 1471 780 1572 opuseulum
796 1469 871 1562 clii
946 1470 1049 1568 effrem
1066 1473 1219 1553 bononie.
1268 1473 1340 1550 Die
1353 1473 1471 1553 ustiure
1489 1475 1610 1564 Junii.
1636 1484 1694 1582 30.
1708 1485 1796 1561 Berr-
1942 1559 1946 1566 .

80 1567 187 1649 urob
194 1567 668 1753 secicnfflgm‘rii⁰1i⁸⁸w}n'
719 1568 1243 1671 connaturalem-1².
1271 1570 1405 1664 emin.
1452 1607 1456 1620 2
1857 1602 1863 1619 ¹

253 1685 404 1750 told·
453 1715 464 1738 ο
510 1679 657 1753 ⁰?078'
1088 1699 1092 1713 ¹

632 1845 784 1935 XXV.
840 1845 1247 1933 BRIXIAE.

56 2234 60 2239 -
183 2203 218 2286 3.
242 2185 448 2263 Srnrvrn
464 2185 674 2264 Communis
688 2092 1214 2285 nrixiffiifflarribus
1235 2186 1278 2267 V.
1316 2186 1501 2268 Praecedit
1518 2187 1628 2267 index
1640 2194 1797 2288 capitum
1862 2163 1865 2169 ¹

75 2279 157 2461 {1:¹11-
171 2306 209 2364 2.
245 2288 317 2362 mr.
337 2306 370 2380 3.
396 2309 487 2381 opus
506 2287 619 2381 ipsum
636 2291 782 2380 incipit,
799 2288 955 2386 sequenti
976 2285 1136 2382 praefixa
1158 2287 1307 2364 notitia:
1327 2288 1384 2363 ‚In
1399 2288 1562 2365 Nomine
1583 2290 1731 2368 Santrae
1745 2293 1797 2370 Et

126 2383 299 2460 dividuae
309 2384 498 2460 Trinitatis
516 2386 566 2461 Et
583 2384 844 2478 gloriosrffimae
858 2386 930 2459 Dei
946 2385 1128 2479 genitricis
1149 2397 1188 2458 et
1207 2383 1344 2480 semper
1356 2386 1517 2480 Virginis
1532 2389 1650 2465 Marie
1665 2405 1704 2465 et
1714 2391 1797 2467 bea·

81 2478 202 2558 elini
216 2482 446 2576 Evangeliste
462 2483 568 2558 sandi
581 2485 718 2575 Marci,
744 2505 813 2558 nec
832 2506 909 2557 non
925 2499 963 2556 et
981 2483 1170 2557 beatorum
1188 2490 1370 2560 martirum
1384 2483 1540 2562 Faustini
1563 2509 1605 2562 ac
1619 2488 1738 2564 Iouite
1757 2496 1808 2566 et'.

82 2584 199 2659 totius
224 2583 322 2655 curie
348 2581 486 2656 celestis
507 2581 636 2656 statuta
662 2583 861 2655 communis
878 2581 998 2655 Brixie
1024 2582 1211 2673 incipiunt
1260 2584 1304 2658 ln
1318 2581 1390 2673 fine
1404 2581 1470 2680 fol.
1485 2601 1545 2673 24.
1565 2583 1600 2662 l.
1652 2584 1806 2664 FIMS.

87 2677 215 2754 leona
223 2676 396 2776 furando
415 2678 550 2757 auum
571 2680 627 2756 Μ.
640 2677 950 2756 tumtunm.
1002 2679 1045 2753 In
1063 2675 1135 2772 fine
1161 2679 1283 2754 Partis
1295 2677 1465 2773 fruendae
1481 2681 1547 2777 sol.
1566 2699 1645 2774 127.
1669 2706 1705 2759 α.
1738 2703 1796 2758 cr·

83 2794 130 2849 vr
179 2798 244 2850 vu
263 2798 559 2853 srrrvronvm
581 2799 703 2851 rrnrs.
753 2776 871 2851 Patrie
894 2775 974 2870 post
995 2774 1102 2849 deum
1126 2778 1299 2867 quonium
1325 2777 1494 2853 debemus
1516 2783 1666 2854 omnia·
1691 2786 1796 2873 quot·

83 2892 159 2967 quo
206 2875 274 2949 hac
301 2875 419 2950 forma
445 2877 609 2969 impressa
637 2875 765 2949 statuta
787 2873 1030 2948 studiosrffime
1056 2872 1169 2946 ledor
1196 2875 1351 2967 legeris:
1394 2875 1609 2951 Con-ciuium
1630 2899 1796 2953 meorum

83 2972 279 3049 'commodo
299 2974 412 3048 tribus
426 2975 603 3048 mensibus
618 2975 698 3048 mci.
748 2973 799 3046 Et
820 2975 956 3065 reliqua
974 2973 1158 3046 uolumina
1171 2971 1272 3045 breui
1290 2982 1433 3065 paratus
1449 2974 1632 3049 absoluere
1645 2976 1669 3048 sr
1684 2977 1723 3050 in
1737 2977 1794 3050 his

81 3071 281 3154 uendendis
303 3074 486 3146 liberalem
507 3090 675 3166 expertus
697 3087 896 3166 emptorem
916 3072 1021 3144 fuero
1041 3085 1124 3145 non'
1143 3069 1387 3162 parciffimum.
1410 3071 1797 3152 mucronum.

83 3170 337 3270 infinepartis
358 3171 563 3266 tertiarios.
580 3190 661 3263 302.
689 3195 723 3244 a.
776 3169 930 3245 FINIS.
980 3169 1064 3242 Nec
1086 3167 1170 3240 dum
1194 3183 1341 3259 experta
1362 3189 1467 3260 quam
1491 3190 1557 3262 per
1575 3165 1686 3243 finem
1708 3171 1794 3243 ciui·

85 3270 171 3345 lium
197 3265 411 3342 statutorum
433 3268 506 3342 dixi
535 3269 754 3347 liberalitate,
775 3267 969 3340 criminalia
990 3287 1133 3359 quoque
1155 3267 1335 3359 compleui
1364 3281 1402 3340 et
1424 3269 1592 3359 quoniam
1616 3268 1797 3360 integrum

85 3362 286 3461 deposcunt
304 3369 435 3440 librum
467 3366 592 3441 addam
617 3382 655 3440 et
676 3369 812 3458 reliqua
836 3386 883 3438 ne
906 3384 974 3457 ego
994 3366 1062 3438 illis
1085 3363 1146 3437 scd
1164 3366 1216 3439 illi
1239 3364 1326 3438 mihi
1347 3361 1440 3439 iusto
1459 3367 1537 3438 iure
1557 3362 1706 3439 defidffe
1730 3362 1806 3440 nisi·
1861 3442 1864 3446 ,
1953 3416 1962 3452 t
2002 3359 2009 3367 ”

85 3465 239 3541 emerint
268 3463 466 3542 iudicent’s
524 3465 702 3540 Teuma
735 3459 1029 3538 FERRANDO
1059 3461 1310 3540 AVCTORB.
1360 3462 1404 3537 In
1422 3459 1493 3548 fine
1514 3458 1629 3559 partis
1650 3477 1798 3558 quamn

84 3561 144 3654 sol.
163 3565 245 3657 3⁶1·
267 3559 300 3638 b.
349 3562 557 3636 Clausorum
576 3561 704 3635 statuta
724 3559 857 3635 finiunt
871 3560 1019 3632 Macelli
1038 3580 1136 3634 nunc
1152 3558 1402 3632 Tabemarum
1415 3556 1562 3634 Piscarie
1578 3573 1615 3632 et
1626 3556 1809 3645 Esculem

84 3661 133 3733 tia
158 3657 394 3734 uendentium
418 3659 548 3733 statuta
567 3661 817 3753 imprimuntur
838 3656 964 3749 quibus
989 3657 1155 3732 absolutis
1180 3658 1321 3749 integro
1344 3656 1439 3728 libro
1463 3657 1578 3730 deerit
1601 3658 1671 3730 iam
1694 3658 1796 3731 nihil.
1820 3698 1824 3705 ι
1911 3710 1915 3717 -

85 3757 161 3832 Eos
184 3770 303 3829 autem
328 3756 512 3851 presertim
536 3760 707 3832 conciues
731 3778 833 3829 meos
857 3758 916 3847 qui
932 3777 990 3827 me
1007 3756 1329 3828 Pollicitationibus
1354 3752 1423 3826 suis
1445 3752 1573 3829 statuta
1592 3757 1797 3846 imprimere
1933 3746 1943 3763 ⁵

87 3855 220 3931 hortati
246 3852 326 3926 sunt
351 3871 474 3930 oratos
497 3857 607 3928 uelim
631 3877 678 3928 ne
704 3856 834 3928 diutius
869 3852 1092 3945 expeslatum
1115 3854 1229 3926 labori
1255 3849 1424 3925 differant
1445 3855 1631 3945 premium.
1691 3851 1797 3926 BRI·
1907 3902 1916 3913 ,

87 3952 179 4027 >tre
217 3951 396 4029 THOMA
430 3953 725 4026 FERRANDO
754 3949 1005 4028 nulsione,
1055 3950 1101 4022 de
1130 3949 1336 4023 Bechariis:
1380 3949 1573 4024 Tabeme:
1599 3966 1669 4022 etc.
1705 3948 1799 4021 liber

85 4050 344 4125 Mercatorum
396 4051 438 4123 ln
452 4050 522 4138 fine
535 4046 599 4147 sol.
614 4055 697 4143 380.
719 4062 752 4124 er
765 4047 912 4123 altino·
943 4045 1002 4120 Ex
1021 4069 1094 4140 quo
1112 4048 1264 4140 imprimi
1289 4066 1356 4138 per
1379 4067 1438 4120 me
1450 4048 1634 4121 Thomam
1646 4043 1798 4119 Ferran·
1919 4067 1922 4076 ·

86 4149 172 4222 dum
192 4144 322 4221 statuta
337 4161 441 4240 cepta
456 4142 538 4220 sunt
554 4161 653 4220 tanta
672 4146 802 4240 fignate
819 4145 973 4239 pecunie
989 4147 1122 4220 indura
1141 4145 1231 4230 fasta
1248 4144 1320 4218 est:
1347 4160 1390 4218 ut
1402 4144 1585 4218 uendendi
1601 4142 1798 4217 uoluminis

86 4247 123 4321 in
149 4265 226 4337 quo
248 4259 384 4319 tantmn
410 4262 557 4337 operam
579 4243 844 4338 impensamque
871 4238 1022 4335 imposui
1048 4243 1126 4337 spes
1151 4245 1287 4337 reliqua
1313 4243 1374 4314 uel
1399 4244 1498 4315 nulla
1517 4243 1578 4314 uel
1605 4241 1733 4334 exigua
1752 4237 1798 4314 fit
1902 4330 1907 4337 ι

85 4345 200 4419 mihi·
235 4341 380 4415 mltis·
402 4339 490 4417 nri.
514 4341 585 4417 ΚΓ.
602 4342 708 4439 junii
729 4340 785 4417 Μ.
797 4338 1114 4416 (CCCLXXHI.
1164 4340 1303 4418 Accedit
1324 4340 1512 4413 Volumen
1535 4336 1672 4411 sextum
1693 4353 1798 4432 prae·
1851 4362 1854 4367 ·

80 4441 155 4536 fixo
172 4439 305 4517 timlo:
339 4459 644 4512 osmonrronrrs
669 4454 707 4513 et
730 4438 877 4511 ordines
906 4454 1034 4511 contra
1058 4438 1232 4513 daciarios
1260 4439 1296 4512 de
1320 4437 1499 4511 debitores
1524 4433 1624 4510 Cam.
1647 4435 1798 4510 Ducalis

86 4538 158 4616 srue
175 4539 383 4631 ,communis
403 4537 533 4625 ,Brixie
561 4539 661 4612 cuius
687 4537 802 4629 capita
827 4533 909 4608 sunt
932 4534 1012 4609 XII.
1062 4536 1107 4611 sn
1122 4534 1217 4627 fine:
1250 4536 1361 4609 Deo
1384 4534 1604 4610 GRACIAS
1625 4532 1798 4611 ΑΜΕΝ.

86 4634 234 4722 FINIS
261 4633 438 4709 THOMA
459 4633 754 4713 FERRANDO
777 4632 1016 4710 AVCTDRE
1036 4632 1104 4707 IN
1120 4628 1311 4708 BRIXIA.
1363 4631 1557 4707 Generalie
1572 4627 1798 4726 etspecialia

87 4732 187 4834 pade
207 4732 374 4811 omnibus
387 4733 426 4810 in
440 4730 548 4811 deciis
568 4745 607 4813 et
624 4732 763 4834 legibus
782 4750 853 4830 que
871 4742 972 4809 extra
984 4731 1060 4811 imo
1076 4727 1270 4809 secundum
1284 4727 1415 4812 stamta
1430 4726 1514 4807 sunt
1528 4727 1731 4826 compleuit
1755 4740 1799 4804 ut

20 4874 29 4879 -
423 4870 425 4874 .
1683 4844 1707 4880 n
1741 4873 1750 4880 .

1710 4841 1751 4880 Μ
